
@article{kerren_why_2014,
	title = {Why {Integrate} {InfoVis} and {SciVis}? : {An} {Example} from {Systems} {Biology}},
	volume = {34},
	shorttitle = {Why {Integrate} {InfoVis} and {SciVis}?},
	url = {http://www.diva-portal.org/smash/record.jsf?pid=diva2:736254},
	language = {eng},
	number = {6},
	urldate = {2014-09-19},
	journal = {IEEE Computer Graphics and Applications},
	author = {Kerren, Andreas and Schreiber, Falk},
	year = {2014},
	keywords = {Bioinformatics and Systems Biology, Bioinformatics (Computational Biology), Bioinformatik (beräkningsbiologi), Bioinformatik och systembiologi, Computer science, Datavetenskap (datalogi), Human Computer Interaction, Information and software visualization, Informations- och programvisualisering, Människa-datorinteraktion (interaktionsdesign)},
	pages = {6--10},
}

@article{madine_design_2008,
	title = {Design of an {N}-methylated peptide inhibitor of alpha-synuclein aggregation guided by solid-state {NMR}},
	volume = {130},
	issn = {1520-5126 (Electronic) 0002-7863 (Linking)},
	shorttitle = {Design of an {N}-methylated peptide inhibitor of alpha-synuclein aggregation guided by solid-state {NMR}},
	url = {http://www.ncbi.nlm.nih.gov/pubmed/18510319},
	doi = {10.1021/ja075356q},
	journal = {J Am Chem Soc},
	author = {Madine, J. and Doig, A. J. and Middleton, D. A.},
	year = {2008},
	keywords = {*Drug Design, alpha-Synuclein/*antagonists \& inhibitors/drug effects/metabolism, Amino Acid Sequence, Humans, Magnetic Resonance Spectroscopy, Methylation, Molecular Sequence Data, Peptides/chemical synthesis/chemistry/*pharmacology, Solubility},
	pages = {7873--81}
}

@article{tominski_cgvinteractive_2009,
	title = {{CGV}—{An} interactive graph visualization system},
	volume = {33},
	issn = {0097-8493},
	url = {http://www.sciencedirect.com/science/article/pii/S0097849309000879},
	doi = {10.1016/j.cag.2009.06.002},
	number = {6},
	urldate = {2015-01-13},
	journal = {Computers \& Graphics},
	author = {Tominski, Christian and Abello, James and Schumann, Heidrun},
	month = dec,
	year = {2009},
	keywords = {Graph visualization, Interaction, Multiple coordinated views},
	pages = {660--678},
}

@incollection{huckauf_evaluation_2005,
	series = {Lecture {Notes} in {Computer} {Science}},
	title = {Evaluation of 12-{DOF} {Input} {Devices} for {Navigation} and {Manipulation} in {Virtual} {Environments}},
	copyright = {©2005 Springer-Verlag Berlin Heidelberg},
	isbn = {978-3-540-28943-2, 978-3-540-31722-7},
	url = {http://link.springer.com/chapter/10.1007/11555261_49},
	number = {3585},
	urldate = {2014-03-25},
	booktitle = {Human-{Computer} {Interaction} - {INTERACT} 2005},
	publisher = {Springer Berlin Heidelberg},
	author = {Huckauf, Anke and Speed, Alexander and Kunert, André and Hochstrate, Jan and Fröhlich, Bernd},
	editor = {Costabile, Maria Francesca and Paternò, Fabio},
	month = jan,
	year = {2005},
	keywords = {Artificial Intelligence (incl. Robotics), Computers and Education, Computers and Society, Information Systems Applications (incl.Internet), Personal Computing, User Interfaces and Human Computer Interaction},
	pages = {601--614},
}

@article{audie_advances_2012,
	title = {Advances in the prediction of protein-peptide binding affinities: implications for peptide-based drug discovery},
	issn = {1747-0285},
	shorttitle = {Advances in the prediction of protein-peptide binding affinities},
	doi = {10.1111/cbdd.12076},
	journal = {Chemical biology \& drug design},
	author = {Audie, Joseph and Swanson, Jon},
	month = oct,
	year = {2012},
	pmid = {23066895}
}

@inproceedings{brooks_project_1990,
	address = {New York, NY, USA},
	series = {{SIGGRAPH} '90},
	title = {Project {GROPEHaptic} {Displays} for {Scientific} {Visualization}},
	isbn = {0-89791-344-2},
	url = {http://doi.acm.org/10.1145/97879.97899},
	doi = {10.1145/97879.97899},
	urldate = {2014-09-22},
	booktitle = {Proceedings of the 17th {Annual} {Conference} on {Computer} {Graphics} and {Interactive} {Techniques}},
	publisher = {ACM},
	author = {Brooks, Jr., Frederick P. and Ouh-Young, Ming and Batter, James J. and Jerome Kilpatrick, P.},
	year = {1990},
	pages = {177--185}
}

@article{delano_pymol_2002,
	title = {The {PyMOL} molecular graphics system},
	author = {DeLano, Warren L},
	year = {2002}
}

@article{trabuco_pepsite:_2012,
	title = {{PepSite}: prediction of peptide-binding sites from protein surfaces},
	volume = {40},
	issn = {1362-4962 (Electronic) 0305-1048 (Linking)},
	shorttitle = {{PepSite}: prediction of peptide-binding sites from protein surfaces},
	url = {http://www.ncbi.nlm.nih.gov/pubmed/22600738},
	doi = {10.1093/nar/gks398},
	journal = {Nucleic Acids Res},
	author = {Trabuco, L. G. and Lise, S. and Petsalaki, E. and Russell, R. B.},
	year = {2012},
	pages = {W423--7}
}

@misc{schrodinger_jymol_2010,
	title = {The {JyMOL} {Molecular} {Graphics} {Development} {Component}, {Version} 1.0},
	shorttitle = {The {JyMOL} {Molecular} {Graphics} {Development} {Component}, {Version} 1.0},
	author = {Schrodinger, LLC},
	year = {2010}
}

@misc{schrodinger_pymol_2010,
	title = {The {PyMOL} {Molecular} {Graphics} {System}, {Version} 1.3r1},
	shorttitle = {The {PyMOL} {Molecular} {Graphics} {System}, {Version} 1.3r1},
	author = {Schrodinger, LLC},
	year = {2010}
}

@article{renambot_cavestudy:_2001,
	title = {{CAVEStudy}: {An} infrastructure for computational steering and measuring in virtual reality environments},
	volume = {4},
	issn = {1386-7857},
	shorttitle = {{CAVEStudy}: {An} infrastructure for computational steering and measuring in virtual reality environments},
	journal = {Cluster Computing},
	author = {Renambot, L. and Bal, H.E. and Germans, D. and Spoelder, H.J.W.},
	year = {2001},
	pages = {79--87},
}

@article{rodrigues_defining_2013,
	title = {Defining the limits of homology modeling in information-driven protein docking},
	volume = {81},
	copyright = {Copyright © 2013 Wiley Periodicals, Inc.},
	issn = {1097-0134},
	doi = {10.1002/prot.24382},
	language = {en},
	number = {12},
	urldate = {2015-03-17},
	journal = {Proteins: Structure, Function, and Bioinformatics},
	author = {Rodrigues, J. P. G. L. M. and Melquiond, A. S. J. and Karaca, E. and Trellet, M. and van Dijk, M. and van Zundert, G. C. P. and Schmitz, C. and de Vries, S. J. and Bordogna, A. and Bonati, L. and Kastritis, P. L. and Bonvin, Alexandre M. J. J.},
	month = dec,
	year = {2013},
	keywords = {biomolecular complexes, CAPRI, comparative modeling, Data-driven docking, HADDOCK, Proteins, structure quality},
	pages = {2119--2128},
}

@article{jiang_deposition_1999,
	title = {Deposition of structure factors at the {Protein} {Data} {Bank}},
	volume = {55},
	issn = {0907-4449 (Print) 0907-4449 (Linking)},
	shorttitle = {Deposition of structure factors at the {Protein} {Data} {Bank}},
	url = {http://www.ncbi.nlm.nih.gov/pubmed/10089388},
	doi = {Letter},
	journal = {Acta Crystallogr D Biol Crystallogr},
	author = {Jiang, J. and Abola, E. and Sussman, J. L.},
	year = {1999},
	keywords = {*Databases, Factual/standards, *Protein Conformation, Crystallography, X-Ray, Internet, Software},
	pages = {4}
}

@article{niv_flexible_2005,
	title = {A flexible docking procedure for the exploration of peptide binding selectivity to known structures and homology models of {PDZ} domains},
	volume = {127},
	issn = {0002-7863 (Print) 0002-7863 (Linking)},
	shorttitle = {A flexible docking procedure for the exploration of peptide binding selectivity to known structures and homology models of {PDZ} domains},
	url = {http://www.ncbi.nlm.nih.gov/entrez/query.fcgi?cmd=Retrieve&db=PubMed&dopt=Citation&list_uids=16201829},
	doi = {10.1021/ja054195s},
	journal = {J Am Chem Soc},
	author = {Niv, M. Y. and Weinstein, H.},
	year = {2005},
	keywords = {Models, Molecular, Peptides/*chemistry, Protein Binding, Protein Conformation, Protein Structure, Tertiary},
	pages = {14072--9}
}

@inproceedings{usoh_walking>_1999,
	title = {Walking{\textgreater} walking-in-place{\textgreater} flying, in virtual environments},
	volume = {99},
	booktitle = {Siggraph},
	author = {Usoh, Martin and Arthur, Kevin and Whitton, Mary C and Bastos, Rui and Steed, Anthony and Slater, Mel and Brooks Jr, Frederick P},
	year = {1999},
	pages = {359--364}
}

@article{kim_detecting_2010,
	title = {Detecting internally symmetric protein structures},
	volume = {11},
	url = {http://www.biomedcentral.com/1471-2105/11/303/},
	number = {1},
	urldate = {2013-09-16},
	journal = {BMC bioinformatics},
	author = {Kim, Changhoon and Basner, Jodi and Lee, Byungkook},
	year = {2010},
	pages = {303},
}

@book{bowman_3d_2004,
	title = {3D user interfaces: theory and practice},
	publisher = {Addison-Wesley},
	author = {Bowman, Doug A and Kruijff, Ernst and LaViola Jr, Joseph J and Poupyrev, Ivan},
	year = {2004}
}

@inproceedings{xiao_navigation_1998,
	title = {Navigation guided by artificial force fields},
	url = {http://dl.acm.org/citation.cfm?id=274671},
	urldate = {2013-09-16},
	booktitle = {Proceedings of the {SIGCHI} conference on {Human} factors in computing systems},
	author = {Xiao, Dongbo and Hubbold, Roger},
	year = {1998},
	pages = {179--186},
}

@article{lv_game_2013,
	title = {Game {On}, {Science} - {How} {Video} {Game} {Technology} {May} {Help} {Biologists} {Tackle} {Visualization} {Challenges}},
	volume = {8},
	url = {http://dx.doi.org/10.1371/journal.pone.0057990},
	doi = {10.1371/journal.pone.0057990},
	number = {3},
	urldate = {2015-02-18},
	journal = {PLoS ONE},
	author = {Lv, Zhihan and Tek, Alex and Da Silva, Franck and Empereur-mot, Charly and Chavent, Matthieu and Baaden, Marc},
	month = mar,
	year = {2013},
	pages = {e57990},
}

@article{bolia_binding_2012,
	title = {The binding affinities of proteins interacting with the {PDZ} domain of {PICK}1},
	volume = {80},
	issn = {1097-0134 (Electronic) 0887-3585 (Linking)},
	shorttitle = {The binding affinities of proteins interacting with the {PDZ} domain of {PICK}1},
	url = {http://www.ncbi.nlm.nih.gov/entrez/query.fcgi?cmd=Retrieve&db=PubMed&dopt=Citation&list_uids=22275068},
	doi = {10.1002/prot.24034},
	journal = {Proteins},
	author = {Bolia, A. and Gerek, Z. N. and Keskin, O. and Banu Ozkan, S. and Dev, K. K.},
	year = {2012},
	pages = {1393--408}
}

@inproceedings{_content-guided_2014,
	title = {Content-guided {Navigation} in {Multimeric} {Molecular} {Complexes}:},
	isbn = {978-989-758-014-7},
	shorttitle = {Content-guided {Navigation} in {Multimeric} {Molecular} {Complexes}},
	url = {http://www.scitepress.org/DigitalLibrary/User/ViewPaper.aspx},
	doi = {10.5220/0004914300760081},
	urldate = {2014-03-17},
	publisher = {SCITEPRESS - Science and and Technology Publications},
	year = {2014},
	pages = {76--81},
}

@article{fischer_einfluss_1894,
	title = {Einfluss der configuration auf die {Wirkung} der enzyme},
	volume = {27},
	shorttitle = {Einfluss der configuration auf die {Wirkung} der enzyme},
	journal = {Berichte der Deutchen Chemischen Gesellschaft},
	author = {Fischer, E.},
	year = {1894},
	pages = {2985--2993}
}

@article{berman_protein_2000,
	title = {The {Protein} {Data} {Bank} and the challenge of structural genomics},
	volume = {7 Suppl},
	issn = {1072-8368 (Print) 1072-8368 (Linking)},
	shorttitle = {The {Protein} {Data} {Bank} and the challenge of structural genomics},
	url = {http://www.ncbi.nlm.nih.gov/pubmed/11103999},
	doi = {Research Support, U.S. Gov't, Non-P.H.S. Research Support, U.S. Gov't, P.H.S.},
	journal = {Nat Struct Biol},
	author = {Berman, H. M. and Bhat, T. N. and Bourne, P. E. and Feng, Z. and Gilliland, G. and Weissig, H. and Westbrook, J.},
	year = {2000},
	keywords = {*Databases as Topic/standards, *Genomics/methods, Automatic Data Processing/*methods, Computational Biology/*methods, Information Storage and Retrieval/*methods, Internet, Multicenter Studies as Topic, Protein Conformation, Proteins/*chemistry/genetics, Proteome, Quality Control, Software, United States},
	pages = {957--9}
}

@inproceedings{koutek_virtual_2002,
	title = {Virtual spring manipulators for particle steering in molecular dynamics on the responsive workbench},
	isbn = {1581135351},
	shorttitle = {Virtual spring manipulators for particle steering in molecular dynamics on the responsive workbench},
	publisher = {Eurographics Association},
	author = {Koutek, M. and van Hees, J. and Post, F.H. and Bakker, AF},
	year = {2002},
	pages = {53--ff},
}

@article{petsalaki_accurate_2009,
	title = {Accurate prediction of peptide binding sites on protein surfaces},
	volume = {5},
	issn = {1553-7358 (Electronic) 1553-734X (Linking)},
	shorttitle = {Accurate prediction of peptide binding sites on protein surfaces},
	url = {http://www.ncbi.nlm.nih.gov/entrez/query.fcgi?cmd=Retrieve&db=PubMed&dopt=Citation&list_uids=19325869},
	doi = {10.1371/journal.pcbi.1000335},
	journal = {PLoS Comput Biol},
	author = {Petsalaki, E. and Stark, A. and Garcia-Urdiales, E. and Russell, R. B.},
	year = {2009},
	keywords = {*Models, Chemical, *Models, Molecular, Algorithms, Amino Acid Sequence, Binding Sites, Computer Simulation, Molecular Sequence Data, Peptides/*chemistry, Protein Binding, Protein Interaction Mapping/*methods, Proteins/*chemistry/*ultrastructure, Sensitivity and Specificity, Sequence Analysis, Protein/*methods, Surface Properties},
	pages = {e1000335}
}

@article{antes_dynadock:_2010,
	title = {{DynaDock}: {A} new molecular dynamics-based algorithm for protein-peptide docking including receptor flexibility},
	volume = {78},
	issn = {1097-0134 (Electronic) 0887-3585 (Linking)},
	shorttitle = {{DynaDock}: {A} new molecular dynamics-based algorithm for protein-peptide docking including receptor flexibility},
	url = {http://www.ncbi.nlm.nih.gov/pubmed/20017216},
	doi = {Evaluation Studies Research Support, Non-U.S. Gov't},
	journal = {Proteins},
	author = {Antes, I.},
	year = {2010},
	keywords = {*Algorithms, *Molecular Dynamics Simulation, *Peptides/chemistry/genetics/metabolism, *Proteins/chemistry/genetics/metabolism, Amino Acid Sequence, Drug Design, Ligands, Models, Molecular, Molecular Sequence Data, Protein Binding, Protein Conformation},
	pages = {1084--104}
}

@article{orengo_protein_1999,
	title = {From protein structure to function},
	volume = {9},
	issn = {0959-440X},
	url = {http://www.sciencedirect.com/science/article/pii/S0959440X99800517},
	doi = {10.1016/S0959-440X(99)80051-7},
	number = {3},
	urldate = {2014-09-03},
	journal = {Current Opinion in Structural Biology},
	author = {Orengo, Christine A and Todd, Annabel E and Thornton, Janet M},
	month = jun,
	year = {1999},
	pages = {374--382},
}

@incollection{park_collaborative_2006,
	address = {Berlin},
	title = {A collaborative virtual reality environment for molecular modeling},
	volume = {4282},
	isbn = {978-3-540-49776-9},
	language = {English},
	booktitle = {Advances in {Artificial} {Reality} and {Tele}-{Existence}, {Proceedings}},
	publisher = {Springer-Verlag Berlin},
	author = {Park, Sungjun and Lee, Jun and Kim, Jee-In},
	editor = {Pan, Z. and Cheok, A. and Haller, M. and Lau, R. W. H. and Saito, H. and Liang, R.},
	year = {2006},
	keywords = {dynamics, system},
	pages = {324--333}
}

@article{moretti_community-wide_2013,
	title = {Community-wide evaluation of methods for predicting the effect of mutations on protein–protein interactions},
	volume = {81},
	copyright = {© 2013 Wiley Periodicals, Inc.},
	issn = {1097-0134},
	doi = {10.1002/prot.24356},
	language = {en},
	number = {11},
	urldate = {2015-03-17},
	journal = {Proteins: Structure, Function, and Bioinformatics},
	author = {Moretti, Rocco and Fleishman, Sarel J. and Agius, Rudi and Torchala, Mieczyslaw and Bates, Paul A. and Kastritis, Panagiotis L. and Rodrigues, João P. G. L. M. and Trellet, Mikaël and Bonvin, Alexandre M. J. J. and Cui, Meng and Rooman, Marianne and Gillis, Dimitri and Dehouck, Yves and Moal, Iain and Romero-Durana, Miguel and Perez-Cano, Laura and Pallara, Chiara and Jimenez, Brian and Fernandez-Recio, Juan and Flores, Samuel and Pacella, Michael and Praneeth Kilambi, Krishna and Gray, Jeffrey J. and Popov, Petr and Grudinin, Sergei and Esquivel-Rodríguez, Juan and Kihara, Daisuke and Zhao, Nan and Korkin, Dmitry and Zhu, Xiaolei and Demerdash, Omar N. A. and Mitchell, Julie C. and Kanamori, Eiji and Tsuchiya, Yuko and Nakamura, Haruki and Lee, Hasup and Park, Hahnbeom and Seok, Chaok and Sarmiento, Jamica and Liang, Shide and Teraguchi, Shusuke and Standley, Daron M. and Shimoyama, Hiromitsu and Terashi, Genki and Takeda-Shitaka, Mayuko and Iwadate, Mitsuo and Umeyama, Hideaki and Beglov, Dmitri and Hall, David R. and Kozakov, Dima and Vajda, Sandor and Pierce, Brian G. and Hwang, Howook and Vreven, Thom and Weng, Zhiping and Huang, Yangyu and Li, Haotian and Yang, Xiufeng and Ji, Xiaofeng and Liu, Shiyong and Xiao, Yi and Zacharias, Martin and Qin, Sanbo and Zhou, Huan-Xiang and Huang, Sheng-You and Zou, Xiaoqin and Velankar, Sameer and Janin, Joël and Wodak, Shoshana J. and Baker, David},
	month = nov,
	year = {2013},
	keywords = {binding, CAPRI, deep mutational scanning, hemagglutinin, yeast display},
	pages = {1980--1987},
}

@article{bordner_ab_2006,
	title = {Ab initio prediction of peptide-{MHC} binding geometry for diverse class {I} {MHC} allotypes},
	volume = {63},
	issn = {1097-0134 (Electronic) 0887-3585 (Linking)},
	shorttitle = {Ab initio prediction of peptide-{MHC} binding geometry for diverse class {I} {MHC} allotypes},
	url = {http://www.ncbi.nlm.nih.gov/entrez/query.fcgi?cmd=Retrieve&db=PubMed&dopt=Citation&list_uids=16470819},
	doi = {10.1002/prot.20831},
	journal = {Proteins},
	author = {Bordner, A. J. and Abagyan, R.},
	year = {2006},
	keywords = {*Models, Molecular, Binding Sites, Histocompatibility Antigens Class I/chemistry/*metabolism, Isoantigens/chemistry/*metabolism, Peptide Fragments/chemistry/*metabolism, Predictive Value of Tests, Protein Binding, Protein Conformation, Protein Structure, Secondary},
	pages = {512--26}
}

@book{lee_collaborative_2009,
	address = {New York},
	title = {A {Collaborative} {Virtual} {Reality} {Environment} for {Molecular} {Biology}},
	isbn = {978-1-4244-4437-3},
	language = {English},
	publisher = {Ieee},
	author = {Lee, Jun and Quy, PhamSy and Kim, Jee-In and Kang, Lin-Woo and Seo, Anna and Kim, HyungSeok},
	editor = {Lee, Y. H. and Suh, Y. J. and Lee, W. W.},
	year = {2009},
	keywords = {Collaborative Virtual Reality, Molecular Simulation, Virtual Reality   Applications}
}

@article{bairoch_swiss-prot_1999,
	title = {The {SWISS}-{PROT} protein sequence data bank and its supplement {TrEMBL} in 1999},
	volume = {27},
	issn = {0305-1048 (Print) 0305-1048 (Linking)},
	shorttitle = {The {SWISS}-{PROT} protein sequence data bank and its supplement {TrEMBL} in 1999},
	url = {http://www.ncbi.nlm.nih.gov/pubmed/9847139},
	journal = {Nucleic Acids Res},
	author = {Bairoch, A. and Apweiler, R.},
	year = {1999},
	keywords = {*Amino Acid Sequence, *Databases, Factual, Animals, Computational Biology, Genome, Bacterial, Information Storage and Retrieval, Internet, Open Reading Frames, Proteins/*chemistry/genetics/metabolism, Switzerland},
	pages = {49--54}
}

@article{petsalaki_peptide-mediated_2008,
	title = {Peptide-mediated interactions in biological systems: new discoveries and applications},
	volume = {19},
	issn = {0958-1669 (Print) 0958-1669 (Linking)},
	shorttitle = {Peptide-mediated interactions in biological systems: new discoveries and applications},
	url = {http://www.ncbi.nlm.nih.gov/entrez/query.fcgi?cmd=Retrieve&db=PubMed&dopt=Citation&list_uids=18602004},
	doi = {S0958-1669(08)00072-4 [pii] 10.1016/j.copbio.2008.06.004},
	journal = {Curr Opin Biotechnol},
	author = {Petsalaki, E. and Russell, R. B.},
	year = {2008},
	keywords = {Models, Molecular, Peptides/*chemistry, Protein Conformation, Proteins/*chemistry},
	pages = {344--50}
}

@article{thomas_visual_2006,
	title = {A visual analytics agenda},
	volume = {26},
	issn = {0272-1716},
	doi = {10.1109/MCG.2006.5},
	language = {English},
	number = {1},
	journal = {Ieee Computer Graphics and Applications},
	author = {Thomas, J. J. and Cook, K. A.},
	month = feb,
	year = {2006},
	pages = {10--13},
}

@misc{schrodinger_axpymol_2010,
	title = {The {AxPyMOL} {Molecular} {Graphics} {Plugin} for {Microsoft} {PowerPoint}, {Version} 1.0},
	shorttitle = {The {AxPyMOL} {Molecular} {Graphics} {Plugin} for {Microsoft} {PowerPoint}, {Version} 1.0},
	author = {Schrodinger, LLC},
	year = {2010}
}

@article{li_paflexpepdock:_2014,
	title = {{PaFlexPepDock}: {Parallel} {Ab}-{Initio} {Docking} of {Peptides} onto {Their} {Receptors} with {Full} {Flexibility} {Based} on {Rosetta}},
	volume = {9},
	shorttitle = {{PaFlexPepDock}},
	url = {http://dx.doi.org/10.1371/journal.pone.0094769},
	doi = {10.1371/journal.pone.0094769},
	number = {5},
	urldate = {2014-05-19},
	journal = {PLoS ONE},
	author = {Li, Haiou and Lu, Liyao and Chen, Rong and Quan, Lijun and Xia, Xiaoyan and Lü, Qiang},
	month = may,
	year = {2014},
	pages = {e94769},
}

@article{ben-shimon_anchordock:_????,
	title = {{AnchorDock}: {Blind} and {Flexible} {Anchor}-{Driven} {Peptide} {Docking}},
	issn = {0969-2126},
	shorttitle = {{AnchorDock}},
	url = {http://www.sciencedirect.com/science/article/pii/S096921261500088X},
	doi = {10.1016/j.str.2015.03.010},
	urldate = {2015-04-28},
	journal = {Structure},
	author = {Ben-Shimon, Avraham and Niv, Masha Y.},
}

@article{donsky_pepcrawler:_2011,
	title = {{PepCrawler}: a fast {RRT}-based algorithm for high-resolution refinement and binding affinity estimation of peptide inhibitors},
	volume = {27},
	issn = {1367-4803, 1460-2059},
	shorttitle = {{PepCrawler}},
	url = {http://bioinformatics.oxfordjournals.org/content/27/20/2836},
	doi = {10.1093/bioinformatics/btr498},
	language = {en},
	number = {20},
	urldate = {2014-01-31},
	journal = {Bioinformatics},
	author = {Donsky, Elad and Wolfson, Haim J.},
	month = oct,
	year = {2011},
	pmid = {21880702},
	pages = {2836--2842},
}

@inproceedings{inselberg_parallel_1990,
	address = {Los Alamitos, CA, USA},
	series = {{VIS} '90},
	title = {Parallel coordinates: a tool for visualizing multi-dimensional geometry},
	isbn = {0-8186-2083-8},
	shorttitle = {Parallel coordinates},
	url = {http://dl.acm.org/citation.cfm?id=949531.949588},
	urldate = {2012-11-26},
	booktitle = {Proceedings of the 1st conference on {Visualization} '90},
	publisher = {IEEE Computer Society Press},
	author = {Inselberg, Alfred and Dimsdale, Bernard},
	year = {1990},
	keywords = {Multi-Dimensional Geometry, Parallel Coordinates, Statistical Graphics, Visualization},
	pages = {361--378},
}

@article{rodrigues_integrative_2014,
	title = {Integrative {Computational} {Modelling} of {Protein} {Interactions}},
	copyright = {This article is protected by copyright. All rights reserved.},
	issn = {1742-4658},
	doi = {10.1111/febs.12771},
	language = {en},
	urldate = {2014-03-06},
	journal = {FEBS Journal},
	author = {Rodrigues, João P.G.L.M. and Bonvin, Alexandre M.J.J.},
	year = {2014},
	keywords = {3D structure, Complexes, Data-driven docking, Integrative Modelling, Interface Prediction, Protein Docking, protein interactions},
	pages = {n/a--n/a},
}

@article{kaufmann_physical_2010,
	title = {A physical model for {PDZ}-domain/peptide interactions},
	volume = {17},
	issn = {0948-5023 (Electronic)},
	shorttitle = {A physical model for {PDZ}-domain/peptide interactions},
	url = {http://www.ncbi.nlm.nih.gov/entrez/query.fcgi?cmd=Retrieve&db=PubMed&dopt=Citation&list_uids=20461427},
	doi = {10.1007/s00894-010-0725-5},
	journal = {J Mol Model},
	author = {Kaufmann, K. and Shen, N. and Mizoue, L. and Meiler, J.},
	year = {2010},
	keywords = {*Models, Molecular, *PDZ Domains, *Protein Interaction Domains and Motifs, Amino Acid Sequence, Binding Sites, Computer Simulation, Entropy, Hydrogen Bonding, Peptides/*chemistry/metabolism, Protein Binding, Protein Conformation, Protein Structure, Tertiary, Thermodynamics},
	pages = {315--24}
}

@article{shtatland_pepbank--database_2007,
	title = {{PepBank}--a database of peptides based on sequence text mining and public peptide data sources},
	volume = {8},
	issn = {1471-2105 (Electronic) 1471-2105 (Linking)},
	shorttitle = {{PepBank}--a database of peptides based on sequence text mining and public peptide data sources},
	url = {http://www.ncbi.nlm.nih.gov/entrez/query.fcgi?cmd=Retrieve&db=PubMed&dopt=Citation&list_uids=17678535},
	doi = {1471-2105-8-280 [pii] 10.1186/1471-2105-8-280},
	journal = {BMC Bioinformatics},
	author = {Shtatland, T. and Guettler, D. and Kossodo, M. and Pivovarov, M. and Weissleder, R.},
	year = {2007},
	keywords = {*Database Management Systems, *Databases, Protein, *Internet, *Natural Language Processing, *User-Computer Interface, Amino Acid Sequence, Information Storage and Retrieval/methods, Molecular Sequence Data, Peptides/*chemistry, Periodicals as Topic, Sequence Analysis, Protein/*methods},
	pages = {280}
}

@article{lensink_docking_2010,
	title = {Docking and scoring protein interactions: {CAPRI} 2009},
	volume = {78},
	issn = {1097-0134 (Electronic) 0887-3585 (Linking)},
	shorttitle = {Docking and scoring protein interactions: {CAPRI} 2009},
	url = {http://www.ncbi.nlm.nih.gov/pubmed/20806235},
	doi = {Research Support, Non-U.S. Gov't},
	journal = {Proteins},
	author = {Lensink, M. F. and Wodak, S. J.},
	year = {2010},
	keywords = {*Algorithms, *Protein Interaction Domains and Motifs, Bacterial Proteins/chemistry/metabolism, Computational Biology/*methods, Databases, Protein, Internet, Models, Molecular, Protein Binding, Protein Interaction Mapping/*methods, Proteins/*chemistry/metabolism, Saccharomyces cerevisiae Proteins/chemistry/metabolism, Software},
	pages = {3073--84}
}

@article{dagliyan_structural_2011,
	title = {Structural and dynamic determinants of protein-peptide recognition},
	volume = {19},
	issn = {1878-4186 (Electronic) 0969-2126 (Linking)},
	shorttitle = {Structural and dynamic determinants of protein-peptide recognition},
	url = {http://www.ncbi.nlm.nih.gov/entrez/query.fcgi?cmd=Retrieve&db=PubMed&dopt=Citation&list_uids=22153506},
	doi = {S0969-2126(11)00326-1 [pii] 10.1016/j.str.2011.09.014},
	journal = {Structure},
	author = {Dagliyan, O. and Proctor, E. A. and D'Auria, K. M. and Ding, F. and Dokholyan, N. V.},
	year = {2011},
	keywords = {Binding Sites, Models, Molecular, Molecular Dynamics Simulation, Peptides/*chemistry/metabolism, Protein Conformation, Proteins/*chemistry/metabolism},
	pages = {1837--45}
}

@article{kumar_folding_2000,
	title = {Folding and binding cascades: dynamic landscapes and population shifts},
	volume = {9},
	issn = {0961-8368 (Print) 0961-8368 (Linking)},
	shorttitle = {Folding and binding cascades: dynamic landscapes and population shifts},
	url = {http://www.ncbi.nlm.nih.gov/entrez/query.fcgi?cmd=Retrieve&db=PubMed&dopt=Citation&list_uids=10739242},
	doi = {10.1110/ps.9.1.10},
	journal = {Protein Sci},
	author = {Kumar, S. and Ma, B. and Tsai, C. J. and Sinha, N. and Nussinov, R.},
	year = {2000},
	keywords = {*Protein Binding, *Protein Conformation, *Protein Folding, Models, Molecular},
	pages = {10--9}
}

@article{acharya_peptisite:_2014,
	title = {{PeptiSite}: {A} structural database of peptide binding sites in 4D},
	issn = {1090-2104},
	shorttitle = {{PeptiSite}},
	doi = {10.1016/j.bbrc.2013.12.132},
	language = {ENG},
	journal = {Biochemical and biophysical research communications},
	author = {Acharya, Chayan and Kufareva, Irina and Ilatovskiy, Andrey V and Abagyan, Ruben},
	month = jan,
	year = {2014},
	pmid = {24406170}
}

@article{gruchalla_porting_????,
	title = {{PORTING} {LEGACY} {APPLICATIONS} {TO} {IMMERSIVE} {VIRTUAL} {ENVIRONMENTS}},
	url = {http://citeseerx.ist.psu.edu/viewdoc/download?doi=10.1.1.103.6683&rep=rep1&type=pdf},
	urldate = {2013-09-16},
	author = {Gruchalla, Kenny and Marbach, Jonathan and Dubin, Mark},
}

@article{rubinstein_peptidic_2009,
	title = {Peptidic modulators of protein-protein interactions: progress and challenges in computational design},
	volume = {91},
	issn = {0006-3525 (Print) 0006-3525 (Linking)},
	shorttitle = {Peptidic modulators of protein-protein interactions: progress and challenges in computational design},
	url = {http://www.ncbi.nlm.nih.gov/pubmed/19226619},
	doi = {10.1002/bip.21164},
	journal = {Biopolymers},
	author = {Rubinstein, M. and Niv, M. Y.},
	year = {2009},
	keywords = {*Computational Biology, *Drug Design, Peptides/*pharmacology, Protein Binding/drug effects, Sequence Analysis, Protein},
	pages = {505--13}
}

@inproceedings{hanson_constrained_1997,
	title = {Constrained 3D navigation with 2D controllers},
	url = {http://ieeexplore.ieee.org/xpls/abs_all.jsp?arnumber=663876},
	urldate = {2013-09-16},
	booktitle = {Visualization'97., {Proceedings}},
	author = {Hanson, Andrew J. and Wernert, Eric A.},
	year = {1997},
	pages = {175--182},
}

@article{havranek_automated_2003,
	title = {Automated design of specificity in molecular recognition},
	volume = {10},
	issn = {1072-8368 (Print) 1072-8368 (Linking)},
	shorttitle = {Automated design of specificity in molecular recognition},
	url = {http://www.ncbi.nlm.nih.gov/entrez/query.fcgi?cmd=Retrieve&db=PubMed&dopt=Citation&list_uids=12459719},
	doi = {10.1038/nsb877 nsb877 [pii]},
	journal = {Nat Struct Biol},
	author = {Havranek, J. J. and Harbury, P. B.},
	year = {2003},
	keywords = {*Algorithms, Amino Acid Motifs, Amino Acid Sequence, Computational Biology/*methods, Models, Molecular, Molecular Sequence Data, Protein Binding, Protein Conformation, Proteins/*chemistry/metabolism, Structure-Activity Relationship, Thermodynamics},
	pages = {45--52}
}

@article{cesareni_can_2002,
	title = {Can we infer peptide recognition specificity mediated by {SH}3 domains?},
	volume = {513},
	issn = {0014-5793 (Print) 0014-5793 (Linking)},
	shorttitle = {Can we infer peptide recognition specificity mediated by {SH}3 domains?},
	url = {http://www.ncbi.nlm.nih.gov/entrez/query.fcgi?cmd=Retrieve&db=PubMed&dopt=Citation&list_uids=11911878},
	doi = {S0014579301033075 [pii]},
	journal = {FEBS Lett},
	author = {Cesareni, G. and Panni, S. and Nardelli, G. and Castagnoli, L.},
	year = {2002},
	keywords = {*src Homology Domains, Amino Acid Sequence, Binding Sites, Consensus Sequence, Peptides/*chemistry, Phosphothreonine, Phosphotyrosine, Protein Conformation, Proteins/*chemistry, Sequence Alignment, Sequence Homology, Amino Acid, Substrate Specificity},
	pages = {38--44}
}

@inproceedings{haik_investigation_2002,
	title = {Investigation into effective navigation in desktop virtual interfaces},
	url = {http://dl.acm.org/citation.cfm?id=504513},
	urldate = {2013-09-16},
	booktitle = {Proceedings of the seventh international conference on 3D {Web} technology},
	author = {Haik, Eyal and Barker, Trevor and Sapsford, John and Trainis, Simon},
	year = {2002},
	pages = {59--66},
}

@article{lensink_docking_2013,
	title = {Docking, scoring, and affinity prediction in {CAPRI}},
	volume = {81},
	copyright = {Copyright © 2013 Wiley Periodicals, Inc.},
	issn = {1097-0134},
	doi = {10.1002/prot.24428},
	language = {en},
	number = {12},
	urldate = {2014-02-02},
	journal = {Proteins: Structure, Function, and Bioinformatics},
	author = {Lensink, Marc F. and Wodak, Shoshana J.},
	year = {2013},
	keywords = {affinity, blind predictions, CAPRI, docking, interface water molecules, protein interactions},
	pages = {2082--2095},
}

@article{huang_interdomain_2006,
	title = {Interdomain {Conformational} {Changes} in {Akt} {Activation} {Revealed} by {Chemical} {Cross}-linking and {Tandem} {Mass} {Spectrometry}},
	volume = {5},
	issn = {1535-9476, 1535-9484},
	url = {http://www.mcponline.org/content/5/6/1045},
	doi = {10.1074/mcp.M600026-MCP200},
	language = {en},
	number = {6},
	urldate = {2014-01-31},
	journal = {Molecular \& Cellular Proteomics},
	author = {Huang, Bill X. and Kim, Hee-Yong},
	month = jun,
	year = {2006},
	pmid = {16531397},
	pages = {1045--1053},
}

@inproceedings{barbosa_supporting_2006,
	title = {Supporting guided navigation in mobile virtual environments},
	url = {http://dl.acm.org/citation.cfm?id=1180541},
	urldate = {2013-09-16},
	booktitle = {Proceedings of the {ACM} symposium on {Virtual} reality software and technology},
	author = {Barbosa, Rafael Garcia and Rodrigues, Maria Andréia Formico},
	year = {2006},
	pages = {220--226},
}

@incollection{trellet_information-driven_2015,
	series = {Methods in {Molecular} {Biology}},
	title = {Information-{Driven} {Modeling} of {Protein}-{Peptide} {Complexes}},
	copyright = {©2015 Springer Science+Business Media New York},
	isbn = {978-1-4939-2284-0, 978-1-4939-2285-7},
	url = {http://link.springer.com/protocol/10.1007/978-1-4939-2285-7_10},
	language = {en},
	number = {1268},
	urldate = {2015-01-05},
	booktitle = {Computational {Peptidology}},
	publisher = {Springer New York},
	author = {Trellet, Mikael and Melquiond, Adrien S. J. and Bonvin, Alexandre M. J. J.},
	editor = {Zhou, Peng and Huang, Jian},
	month = jan,
	year = {2015},
	keywords = {Biomolecular interactions, Computer Appl. in Life Sciences, Conformational changes, Flexibility, HADDOCK, Information-driven docking, Molecular modeling, Protein Science},
	pages = {221--239},
}

@inproceedings{matkovic_comvis:_2008,
	address = {Washington, DC, USA},
	series = {{IV} '08},
	title = {{ComVis}: {A} {Coordinated} {Multiple} {Views} {System} for {Prototyping} {New} {Visualization} {Technology}},
	isbn = {978-0-7695-3268-4},
	shorttitle = {{ComVis}},
	url = {http://dx.doi.org/10.1109/IV.2008.87},
	doi = {10.1109/IV.2008.87},
	urldate = {2015-01-13},
	booktitle = {Proceedings of the 2008 12th {International} {Conference} {Information} {Visualisation}},
	publisher = {IEEE Computer Society},
	author = {Matkovic, Kresimir and Freiler, Wolfgang and Gracanin, Denis and Hauser, Helwig},
	year = {2008},
	pages = {215--220}
}

@article{pons_structural_2010,
	title = {Structural characterization of protein-protein complexes by integrating computational docking with small-angle scattering data},
	volume = {403},
	issn = {1089-8638 (Electronic) 0022-2836 (Linking)},
	shorttitle = {Structural characterization of protein-protein complexes by integrating computational docking with small-angle scattering data},
	url = {http://www.ncbi.nlm.nih.gov/entrez/query.fcgi?cmd=Retrieve&db=PubMed&dopt=Citation&list_uids=20804770},
	doi = {S0022-2836(10)00891-0 [pii] 10.1016/j.jmb.2010.08.029},
	journal = {J Mol Biol},
	author = {Pons, C. and D'Abramo, M. and Svergun, D. I. and Orozco, M. and Bernado, P. and Fernandez-Recio, J.},
	year = {2010},
	keywords = {*Protein Interaction Mapping, *Protein Multimerization, Molecular Biology/*methods, Molecular Dynamics Simulation, Proteins/*chemistry/*metabolism, Scattering, Small Angle},
	pages = {217--30}
}

@article{naider_peptides_2009,
	title = {Peptides in the treatment of {AIDS}},
	volume = {19},
	issn = {1879-033X (Electronic) 0959-440X (Linking)},
	shorttitle = {Peptides in the treatment of {AIDS}},
	url = {http://www.ncbi.nlm.nih.gov/entrez/query.fcgi?cmd=Retrieve&db=PubMed&dopt=Citation&list_uids=19632107},
	doi = {S0959-440X(09)00097-9 [pii] 10.1016/j.sbi.2009.07.003},
	journal = {Curr Opin Struct Biol},
	author = {Naider, F. and Anglister, J.},
	year = {2009},
	keywords = {Acquired Immunodeficiency Syndrome/*drug therapy, Amino Acid Sequence, Animals, Drug Design, HIV-1/drug effects/metabolism/physiology, HIV Fusion Inhibitors/*chemistry/*pharmacology/therapeutic use, Humans, Molecular Sequence Data, Peptides/*chemistry/*pharmacology/therapeutic use, Viral Envelope Proteins/chemistry/metabolism},
	pages = {473--82}
}

@article{block_kinimmerse:_2009,
	title = {{KinImmerse}: {Macromolecular} {VR} for {NMR} ensembles},
	volume = {4},
	issn = {1751-0473},
	shorttitle = {{KinImmerse}},
	url = {http://www.ncbi.nlm.nih.gov/pmc/articles/PMC2650690/},
	doi = {10.1186/1751-0473-4-3},
	urldate = {2014-11-14},
	journal = {Source Code for Biology and Medicine},
	author = {Block, Jeremy N and Zielinski, David J and Chen, Vincent B and Davis, Ian W and Vinson, E Claire and Brady, Rachael and Richardson, Jane S and Richardson, David C},
	month = feb,
	year = {2009},
	pmid = {19222844},
	pmcid = {PMC2650690},
	pages = {3},
}

@article{stein_contextual_2008,
	title = {Contextual specificity in peptide-mediated protein interactions},
	volume = {3},
	issn = {1932-6203 (Electronic) 1932-6203 (Linking)},
	shorttitle = {Contextual specificity in peptide-mediated protein interactions},
	url = {http://www.ncbi.nlm.nih.gov/entrez/query.fcgi?cmd=Retrieve&db=PubMed&dopt=Citation&list_uids=18596940},
	doi = {10.1371/journal.pone.0002524},
	journal = {PLoS One},
	author = {Stein, A. and Aloy, P.},
	year = {2008},
	keywords = {*Protein Interaction Domains and Motifs, Animals, Binding Sites, Databases, Protein, Humans, Models, Molecular, Peptides/*chemistry/metabolism, Protein Conformation, Protein Interaction Mapping, Thermodynamics},
	pages = {e2524}
}

@article{dreher_interactive_2013,
	title = {Interactive {Molecular} {Dynamics}: {Scaling} up to {Large} {Systems}},
	volume = {18},
	issn = {1877-0509},
	shorttitle = {Interactive {Molecular} {Dynamics}},
	url = {http://www.sciencedirect.com/science/article/pii/S1877050913003086},
	doi = {10.1016/j.procs.2013.05.165},
	urldate = {2013-12-20},
	journal = {Procedia Computer Science},
	author = {Dreher, Matthieu and Piuzzi, Marc and Turki, Ahmed and Chavent, Matthieu and Baaden, Marc and Férey, Nicolas and Limet, Sébastien and Raffin, Bruno and Robert, Sophie},
	year = {2013},
	keywords = {Computational Steering with Haptic Arm, High Performance Interactive Computing, Interactive Molecular Dynamics},
	pages = {20--29},
}

@article{sousa_protein-ligand_2006,
	title = {Protein-ligand docking: current status and future challenges},
	volume = {65},
	issn = {1097-0134 (Electronic) 0887-3585 (Linking)},
	shorttitle = {Protein-ligand docking: current status and future challenges},
	url = {http://www.ncbi.nlm.nih.gov/entrez/query.fcgi?cmd=Retrieve&db=PubMed&dopt=Citation&list_uids=16862531},
	doi = {10.1002/prot.21082},
	journal = {Proteins},
	author = {Sousa, S. F. and Fernandes, P. A. and Ramos, M. J.},
	year = {2006},
	keywords = {*Ligands, *Protein Binding, Algorithms, Binding Sites, Computer Simulation, Protein Conformation, Proteins/*chemistry, Software, Water/chemistry},
	pages = {15--26}
}

@article{muigg_four-level_2008,
	title = {A {Four}-level {Focus}+{Context} {Approach} to {Interactive} {Visual} {Analysis} of {Temporal} {Features} in {Large} {Scientific} {Data}},
	volume = {27},
	copyright = {© 2008 The Author(s) Journal compilation © 2008 The Eurographics Association and Blackwell Publishing Ltd.},
	issn = {1467-8659},
	doi = {10.1111/j.1467-8659.2008.01207.x},
	language = {en},
	number = {3},
	urldate = {2015-01-15},
	journal = {Computer Graphics Forum},
	author = {Muigg, Philipp and Kehrer, Johannes and Oeltze, Steffen and Piringer, Harald and Doleisch, Helmut and Preim, Bernhard and Hauser, Helwig},
	year = {2008},
	pages = {775--782},
}

@inproceedings{reda_visualizing_2013,
	title = {Visualizing large-scale atomistic simulations in ultra-resolution immersive environments},
	isbn = {978-1-4799-1659-7},
	url = {http://ieeexplore.ieee.org/lpdocs/epic03/wrapper.htm?arnumber=6675159},
	doi = {10.1109/LDAV.2013.6675159},
	urldate = {2014-09-02},
	publisher = {IEEE},
	author = {Reda, Khairi and Knoll, Aaron and Nomura, Ken-ichi and Papka, Michael E. and Johnson, Andrew E. and Leigh, Jason},
	month = oct,
	year = {2013},
	pages = {59--65},
}

@inproceedings{bares_intelligent_1999,
	address = {New York, NY, USA},
	series = {{IUI} '99},
	title = {Intelligent multi-shot visualization interfaces for dynamic 3D worlds},
	isbn = {1-58113-098-8},
	url = {http://doi.acm.org/10.1145/291080.291101},
	doi = {10.1145/291080.291101},
	urldate = {2013-09-16},
	booktitle = {Proceedings of the 4th international conference on {Intelligent} user interfaces},
	publisher = {ACM},
	author = {Bares, William H. and Lester, James C.},
	year = {1999},
	keywords = {adaptive and customizable user interfaces, intelligent 3D visualization},
	pages = {119--126},
}

@article{raveh_rosetta_2011,
	title = {Rosetta {FlexPepDock} ab-initio: simultaneous folding, docking and refinement of peptides onto their receptors},
	volume = {6},
	issn = {1932-6203 (Electronic) 1932-6203 (Linking)},
	shorttitle = {Rosetta {FlexPepDock} ab-initio: simultaneous folding, docking and refinement of peptides onto their receptors},
	url = {http://www.ncbi.nlm.nih.gov/pubmed/21572516},
	doi = {Research Support, Non-U.S. Gov't Research Support, U.S. Gov't, Non-P.H.S.},
	journal = {PLoS One},
	author = {Raveh, B. and London, N. and Zimmerman, L. and Schueler-Furman, O.},
	year = {2011},
	keywords = {*Protein Folding, Binding Sites, Computer Simulation, Models, Molecular, Peptides/*chemistry/metabolism, Protein Binding, Protein Conformation, Protein Interaction Mapping/*methods, Proteins/*chemistry/metabolism, Protein Structure, Secondary, Protein Structure, Tertiary},
	pages = {e18934}
}

@article{myers-turnbull_systematic_2014,
	title = {Systematic detection of internal symmetry in proteins using {CE}-{Symm}},
	volume = {426},
	issn = {1089-8638},
	doi = {10.1016/j.jmb.2014.03.010},
	language = {eng},
	number = {11},
	journal = {Journal of Molecular Biology},
	author = {Myers-Turnbull, Douglas and Bliven, Spencer E. and Rose, Peter W. and Aziz, Zaid K. and Youkharibache, Philippe and Bourne, Philip E. and Prlić, Andreas},
	month = may,
	year = {2014},
	pmid = {24681267},
	keywords = {Algorithms, Amino Acid Sequence, Computational Biology, Databases, Protein, Humans, Models, Molecular, Protein Folding, Protein Structure, Tertiary, Sequence Alignment, Sequence Analysis, Protein, Sequence Homology, Amino Acid, Software},
	pages = {2255--2268}
}


@inproceedings{hanson_space_1995,
	title = {Space walking},
	url = {http://dl.acm.org/citation.cfm?id=833861},
	urldate = {2013-09-16},
	booktitle = {Proceedings of the 6th conference on {Visualization}'95},
	author = {Hanson, Andrew J. and Ma, Hui},
	year = {1995},
	pages = {126},
}

@article{koshland_enzyme_1959,
	title = {Enzyme flexibility and enzyme action},
	volume = {54},
	issn = {0095-9898 (Print) 0095-9898 (Linking)},
	shorttitle = {Enzyme flexibility and enzyme action},
	url = {http://www.ncbi.nlm.nih.gov/entrez/query.fcgi?cmd=Retrieve&db=PubMed&dopt=Citation&list_uids=14411189},
	journal = {J Cell Comp Physiol},
	author = {Koshland, D. E.},
	year = {1959},
	keywords = {Enzymes/*chemistry},
	pages = {245--58}
}

@article{trellet_unified_2013,
	title = {A {Unified} {Conformational} {Selection} and {Induced} {Fit} {Approach} to {Protein}-{Peptide} {Docking}},
	volume = {8},
	url = {http://dx.doi.org/10.1371/journal.pone.0058769},
	doi = {10.1371/journal.pone.0058769},
	number = {3},
	urldate = {2014-01-10},
	journal = {PLoS ONE},
	author = {Trellet, Mikael and Melquiond, Adrien S. J. and Bonvin, Alexandre M. J. J.},
	month = mar,
	year = {2013},
	pages = {e58769},
}

@article{de_vries_haddock_2010,
	title = {The {HADDOCK} web server for data-driven biomolecular docking},
	volume = {5},
	issn = {1750-2799 (Electronic) 1750-2799 (Linking)},
	shorttitle = {The {HADDOCK} web server for data-driven biomolecular docking},
	url = {http://www.ncbi.nlm.nih.gov/pubmed/20431534},
	doi = {10.1038/nprot.2010.32},
	journal = {Nat Protoc},
	author = {de Vries, S. J. and van Dijk, M. and Bonvin, A. M.},
	year = {2010},
	keywords = {*Models, Chemical, *Software, Databases, Factual, Proteins/*chemistry, User-Computer Interface},
	pages = {883--97}
}

@article{andrei_intuitive_2012,
	title = {Intuitive representation of surface properties of biomolecules using {BioBlender}},
	volume = {13},
	copyright = {2012 Andrei et al.; licensee BioMed Central Ltd.},
	issn = {1471-2105},
	doi = {10.1186/1471-2105-13-S4-S16},
	language = {en},
	number = {Suppl 4},
	urldate = {2014-09-23},
	journal = {BMC Bioinformatics},
	author = {Andrei, Raluca M. and Callieri, Marco and Zini, Maria F. and Loni, Tiziana and Maraziti, Giuseppe and Pan, Mike C. and Zoppè, Monica},
	month = mar,
	year = {2012},
	pmid = {22536962},
	pages = {S16},
}

@article{van_dijk_data-driven_2005,
	title = {Data-driven docking for the study of biomolecular complexes},
	volume = {272},
	issn = {1742-4658},
	doi = {10.1111/j.1742-4658.2004.04473.x},
	language = {en},
	number = {2},
	urldate = {2014-02-03},
	journal = {FEBS Journal},
	author = {van Dijk, Aalt D. J. and Boelens, Rolf and Bonvin, Alexandre M. J. J.},
	year = {2005},
	keywords = {biomolecular complexes, docking, interface mapping},
	pages = {293--312},
}

@article{mendez_assessment_2003,
	title = {Assessment of blind predictions of protein-protein interactions: current status of docking methods},
	volume = {52},
	issn = {1097-0134 (Electronic) 0887-3585 (Linking)},
	shorttitle = {Assessment of blind predictions of protein-protein interactions: current status of docking methods},
	url = {http://www.ncbi.nlm.nih.gov/pubmed/12784368},
	doi = {Evaluation Studies Research Support, Non-U.S. Gov't},
	journal = {Proteins},
	author = {Mendez, R. and Leplae, R. and De Maria, L. and Wodak, S. J.},
	year = {2003},
	keywords = {*Algorithms, *Antigens, Viral, *Exotoxins, *Models, Molecular, alpha-Amylases/chemistry/immunology, Amino Acids/chemistry, Antibodies/chemistry/immunology, Bacterial Proteins/chemistry/metabolism, Binding Sites, Capsid Proteins/chemistry/immunology, Hemagglutinins/chemistry/immunology, Macromolecular Substances, Membrane Proteins/chemistry/metabolism, Molecular Structure, Phosphoenolpyruvate Sugar Phosphotransferase System/chemistry/metabolism, Protein Interaction Mapping, Proteins/*chemistry/*metabolism, Protein-Serine-Threonine Kinases/chemistry/metabolism, Receptors, Antigen, T-Cell, alpha-beta/chemistry/metabolism},
	pages = {51--67}
}

@article{izrailev_steered_1998,
	title = {Steered molecular dynamics},
	volume = {4},
	shorttitle = {Steered molecular dynamics},
	journal = {Computational molecular dynamics: challenges, methods, ideas},
	author = {Izrailev, S. and Stepaniants, S. and Isralewitz, B. and Kosztin, D. and Lu, H. and Molnar, F. and Wriggers, W. and Schulten, K.},
	year = {1998},
	pages = {39--65},
}

@article{chamot-rooke_posttranslational_2011,
	title = {Posttranslational {Modification} of {Pili} upon {Cell} {Contact} {Triggers} {N}. meningitidis {Dissemination}},
	volume = {331},
	issn = {0036-8075, 1095-9203},
	url = {http://www.sciencemag.org/content/331/6018/778},
	doi = {10.1126/science.1200729},
	language = {en},
	number = {6018},
	urldate = {2015-03-17},
	journal = {Science},
	author = {Chamot-Rooke, Julia and Mikaty, Guillain and Malosse, Christian and Soyer, Magali and Dumont, Audrey and Gault, Joseph and Imhaus, Anne-Flore and Martin, Patricia and Trellet, Mikael and Clary, Guilhem and Chafey, Philippe and Camoin, Luc and Nilges, Michael and Nassif, Xavier and Duménil, Guillaume},
	month = feb,
	year = {2011},
	pmid = {21311024},
	pages = {778--782},
}

@article{lesage_hierarchical_2008,
	title = {A hierarchical component model for large parallel interactive applications},
	volume = {7},
	shorttitle = {A hierarchical component model for large parallel interactive applications},
	journal = {The Journal of Supercomputing},
	author = {Lesage, J.D. and Raffin, B.},
	year = {2008},
	pages = {67--80},
}

@article{allain_allosteric_2014,
	title = {Allosteric pathway identification through network analysis: from molecular dynamics simulations to interactive 2D and 3D graphs},
	volume = {169},
	issn = {1364-5498},
	shorttitle = {Allosteric pathway identification through network analysis},
	url = {http://pubs.rsc.org/en/content/articlelanding/2014/fd/c4fd00024b},
	doi = {10.1039/C4FD00024B},
	language = {en},
	number = {0},
	urldate = {2015-01-15},
	journal = {Faraday Discussions},
	author = {Allain, Ariane and Beauchêne, Isaure Chauvot de and Langenfeld, Florent and Guarracino, Yann and Laine, Elodie and Tchertanov, Luba},
	month = oct,
	year = {2014},
	pages = {303--321},
}

@article{gil_pyproct:_2014,
	title = {{pyProCT}: {Automated} {Cluster} {Analysis} for {Structural} {Bioinformatics}},
	volume = {10},
	issn = {1549-9618},
	shorttitle = {{pyProCT}},
	url = {http://dx.doi.org/10.1021/ct500306s},
	doi = {10.1021/ct500306s},
	number = {8},
	urldate = {2014-09-04},
	journal = {Journal of Chemical Theory and Computation},
	author = {Gil, Víctor A. and Guallar, Víctor},
	month = aug,
	year = {2014},
	pages = {3236--3243},
}

@article{weissig_analysis_1999,
	title = {An analysis of the {Protein} {Data} {Bank} in search of temporal and global trends},
	volume = {15},
	issn = {1367-4803 (Print) 1367-4803 (Linking)},
	shorttitle = {An analysis of the {Protein} {Data} {Bank} in search of temporal and global trends},
	url = {http://www.ncbi.nlm.nih.gov/pubmed/10705434},
	doi = {Research Support, U.S. Gov't, Non-P.H.S.},
	journal = {Bioinformatics},
	author = {Weissig, H. and Bourne, P. E.},
	year = {1999},
	keywords = {*Databases, Factual/trends, Computational Biology, Humans, Internet, Models, Molecular, Protein Conformation, Proteins/*chemistry, Stereoisomerism, Time Factors},
	pages = {807--31}
}

@article{musi_new_2006,
	title = {New approaches to high-throughput structure characterization of {SH}3 complexes: the example of {Myosin}-3 and {Myosin}-5 {SH}3 domains from {S}. cerevisiae},
	volume = {15},
	issn = {0961-8368 (Print) 0961-8368 (Linking)},
	shorttitle = {New approaches to high-throughput structure characterization of {SH}3 complexes: the example of {Myosin}-3 and {Myosin}-5 {SH}3 domains from {S}. cerevisiae},
	url = {http://www.ncbi.nlm.nih.gov/entrez/query.fcgi?cmd=Retrieve&db=PubMed&dopt=Citation&list_uids=16600966},
	doi = {15/4/795 [pii] 10.1110/ps.051785506},
	journal = {Protein Sci},
	author = {Musi, V. and Birdsall, B. and Fernandez-Ballester, G. and Guerrini, R. and Salvatori, S. and Serrano, L. and Pastore, A.},
	year = {2006},
	keywords = {*Protein Structure, Tertiary, Binding Sites, Computational Biology, Magnetic Resonance Spectroscopy, Models, Molecular, Myosin Heavy Chains/*chemistry/metabolism, Myosin Type I/*chemistry/metabolism, Peptides/chemistry/metabolism, Protein Binding, Protein Conformation, Protein Isoforms/chemistry/genetics/metabolism, Saccharomyces cerevisiae Proteins/*chemistry/metabolism, src Homology Domains},
	pages = {795--807}
}

@article{london_structural_2010,
	title = {The structural basis of peptide-protein binding strategies},
	volume = {18},
	issn = {1878-4186 (Electronic) 0969-2126 (Linking)},
	shorttitle = {The structural basis of peptide-protein binding strategies},
	url = {http://www.ncbi.nlm.nih.gov/entrez/query.fcgi?cmd=Retrieve&db=PubMed&dopt=Citation&list_uids=20159464},
	doi = {S0969-2126(09)00478-X [pii] 10.1016/j.str.2009.11.012},
	journal = {Structure},
	author = {London, N. and Movshovitz-Attias, D. and Schueler-Furman, O.},
	year = {2010},
	keywords = {*Databases, Protein, *Protein Conformation, Amino Acids/chemistry, Amino Acid Sequence, Binding Sites, Crystallography, X-Ray, Hydrogen Bonding, Molecular Sequence Data, Peptides/*chemistry/genetics/*metabolism, Protein Binding, Proteins/*chemistry/genetics/*metabolism},
	pages = {188--99}
}

@article{harvey_collaborative_2014,
	title = {A collaborative visual analytics suite for protein folding research},
	volume = {53},
	issn = {1093-3263},
	url = {http://www.sciencedirect.com/science/article/pii/S1093326314000990},
	doi = {10.1016/j.jmgm.2014.06.003},
	urldate = {2014-09-03},
	journal = {Journal of Molecular Graphics and Modelling},
	author = {Harvey, William and Park, In-Hee and Rübel, Oliver and Pascucci, Valerio and Bremer, Peer-Timo and Li, Chenglong and Wang, Yusu},
	month = sep,
	year = {2014},
	keywords = {Molecular simulation data, Visualization tool},
	pages = {59--71},
}

@article{johnson_top_2004,
	title = {Top scientific visualization research problems},
	volume = {24},
	url = {http://ieeexplore.ieee.org/xpls/abs_all.jsp?arnumber=1310205},
	number = {4},
	urldate = {2013-09-16},
	journal = {Computer graphics and applications, IEEE},
	author = {Johnson, Chris},
	year = {2004},
	pages = {13--17},
}

@article{sussman_protein_1999,
	title = {The protein data bank. {Bridging} the gap between the sequence and 3D structure world},
	volume = {106},
	issn = {0016-6707 (Print) 0016-6707 (Linking)},
	shorttitle = {The protein data bank. {Bridging} the gap between the sequence and 3D structure world},
	url = {http://www.ncbi.nlm.nih.gov/pubmed/10710721},
	doi = {Historical Article Research Support, U.S. Gov't, Non-P.H.S. Research Support, U.S. Gov't, P.H.S. Review},
	journal = {Genetica},
	author = {Sussman, J. L. and Abola, E. E. and Lin, D. and Jiang, J. and Manning, N. O. and Prilusky, J.},
	year = {1999},
	keywords = {*Databases, Factual/history, *Sequence Analysis, Protein/history, History, 20th Century, Internet, Proteins/*chemistry, United States},
	pages = {149--58}
}

@article{dalton_spatial_2001,
	title = {Spatial navigation in immersive virtual environments},
	doi = {1111},
	journal = {Conroy Dalton, R. (2001) Spatial navigation in immersive virtual environments. Doctoral thesis, University of London.},
	author = {Dalton, R. Conroy},
	year = {2001},
}

@article{roy_cosmic_1995,
	title = {Cosmic worm in the {CAVE}- {Steering} a high-performance computing application from a virtual environment},
	volume = {4},
	issn = {1054-7460},
	shorttitle = {Cosmic worm in the {CAVE}- {Steering} a high-performance computing application from a virtual environment},
	journal = {Presence: Teleoperators and Virtual Environments},
	author = {Roy, T.M. and Cruz-Neira, C. and DeFanti, T.A. and Sandin, DJ},
	year = {1995},
	pages = {121--129},
}

@article{chaudhury_conformer_2008,
	title = {Conformer selection and induced fit in flexible backbone protein-protein docking using computational and {NMR} ensembles},
	volume = {381},
	issn = {1089-8638 (Electronic) 0022-2836 (Linking)},
	shorttitle = {Conformer selection and induced fit in flexible backbone protein-protein docking using computational and {NMR} ensembles},
	url = {http://www.ncbi.nlm.nih.gov/entrez/query.fcgi?cmd=Retrieve&db=PubMed&dopt=Citation&list_uids=18640688},
	doi = {S0022-2836(08)00608-6 [pii] 10.1016/j.jmb.2008.05.042},
	journal = {J Mol Biol},
	author = {Chaudhury, S. and Gray, J. J.},
	year = {2008},
	keywords = {Acetylcholinesterase/chemistry, Algorithms, Crystallography, X-Ray, Elapid Venoms/chemistry, Ligands, Magnetic Resonance Spectroscopy, Models, Molecular, Protein Binding, Proteins/*chemistry/*metabolism, Protein Structure, Secondary, Thermodynamics},
	pages = {1068--87}
}

@article{kielman_foundations_2009,
	title = {Foundations and {Frontiers} in {Visual} {Analytics}},
	volume = {8},
	issn = {1473-8716, 1473-8724},
	url = {http://ivi.sagepub.com/lookup/doi/10.1057/ivs.2009.25},
	doi = {10.1057/ivs.2009.25},
	number = {4},
	urldate = {2013-01-30},
	journal = {Information Visualization},
	author = {Kielman, Joe and Thomas, Jim and May, Richard},
	year = {2009},
	pages = {239--246}
}

@article{karaca_building_2010,
	title = {Building macromolecular assemblies by information-driven docking: introducing the {HADDOCK} multibody docking server},
	volume = {9},
	issn = {1535-9484 (Electronic) 1535-9476 (Linking)},
	shorttitle = {Building macromolecular assemblies by information-driven docking: introducing the {HADDOCK} multibody docking server},
	url = {http://www.ncbi.nlm.nih.gov/pubmed/20305088},
	doi = {10.1074/mcp.M000051-MCP201},
	journal = {Mol Cell Proteomics},
	author = {Karaca, E. and Melquiond, A. S. and de Vries, S. J. and Kastritis, P. L. and Bonvin, A. M.},
	year = {2010},
	keywords = {*Internet, *Models, Molecular, *User-Computer Interface, Amino Acids/chemistry, Computational Biology/*methods, Crystallography, X-Ray, Macromolecular Substances/chemistry/*metabolism, Multiprotein Complexes/chemistry/*metabolism},
	pages = {1784--94}
}

@article{lavi_detection_2013,
	title = {Detection of peptide-binding sites on protein surfaces: {The} first step toward the modeling and targeting of peptide-mediated interactions},
	volume = {81},
	copyright = {Copyright © 2013 Wiley Periodicals, Inc.},
	issn = {1097-0134},
	shorttitle = {Detection of peptide-binding sites on protein surfaces},
	doi = {10.1002/prot.24422},
	language = {en},
	number = {12},
	urldate = {2014-01-31},
	journal = {Proteins: Structure, Function, and Bioinformatics},
	author = {Lavi, Assaf and Ngan, Chi Ho and Movshovitz-Attias, Dana and Bohnuud, Tanggis and Yueh, Christine and Beglov, Dmitri and Schueler-Furman, Ora and Kozakov, Dima},
	year = {2013},
	keywords = {binding site detection, FFT sampling, mapping, PeptiDB, protein peptide interactions},
	pages = {2096--2105},
}

@article{yamin_peptide_2009,
	title = {A peptide hairpin inhibitor of amyloid beta-protein oligomerization and fibrillogenesis},
	volume = {48},
	issn = {1520-4995 (Electronic) 0006-2960 (Linking)},
	shorttitle = {A peptide hairpin inhibitor of amyloid beta-protein oligomerization and fibrillogenesis},
	url = {http://www.ncbi.nlm.nih.gov/pubmed/19877710},
	doi = {10.1021/bi901325g},
	journal = {Biochemistry},
	author = {Yamin, G. and Ruchala, P. and Teplow, D. B.},
	year = {2009},
	keywords = {Alzheimer Disease/metabolism/pathology, Amino Acid Sequence, Amyloid/*antagonists \& inhibitors/chemistry/metabolism, Amyloid beta-Peptides/*antagonists \& inhibitors/chemistry/metabolism, Binding Sites/drug effects/physiology, Dipeptides/chemistry/metabolism, Disulfides/chemistry, Endopeptidases/chemistry/*drug effects/metabolism, Leucine/chemistry/metabolism, Molecular Sequence Data, Peptides/chemistry/metabolism/*pharmacology, Protein Binding/drug effects},
	pages = {11329--31}
}

@inproceedings{khan_hovercam:_2005,
	title = {{HoverCam}: interactive 3D navigation for proximal object inspection},
	shorttitle = {{HoverCam}},
	url = {http://dl.acm.org/citation.cfm?id=1053439},
	urldate = {2013-09-16},
	booktitle = {Proceedings of the 2005 symposium on {Interactive} 3D graphics and games},
	author = {Khan, Azam and Komalo, Ben and Stam, Jos and Fitzmaurice, George and Kurtenbach, Gordon},
	year = {2005},
	pages = {73--80},
}

@article{janin_capri:_2003,
	title = {{CAPRI}: a {Critical} {Assessment} of {PRedicted} {Interactions}},
	volume = {52},
	issn = {1097-0134 (Electronic) 0887-3585 (Linking)},
	shorttitle = {{CAPRI}: a {Critical} {Assessment} of {PRedicted} {Interactions}},
	url = {http://www.ncbi.nlm.nih.gov/entrez/query.fcgi?cmd=Retrieve&db=PubMed&dopt=Citation&list_uids=12784359},
	doi = {10.1002/prot.10381},
	journal = {Proteins},
	author = {Janin, J. and Henrick, K. and Moult, J. and Eyck, L. T. and Sternberg, M. J. and Vajda, S. and Vakser, I. and Wodak, S. J.},
	year = {2003},
	keywords = {*Models, Molecular, Algorithms, Crystallography, X-Ray, Evaluation Studies as Topic, Forecasting, Genomics, Macromolecular Substances, Protein Conformation, Protein Interaction Mapping, Proteins/*chemistry/*metabolism, Reproducibility of Results},
	pages = {2--9}
}

@article{yu_indirect_2014,
	title = {Indirect {Readout} in {Protein}-{Peptide} {Recognition}: {A} {Different} {Story} from {Classical} {Biomolecular} {Recognition}},
	volume = {54},
	issn = {1549-9596},
	shorttitle = {Indirect {Readout} in {Protein}-{Peptide} {Recognition}},
	url = {http://dx.doi.org/10.1021/ci5000246},
	doi = {10.1021/ci5000246},
	number = {7},
	urldate = {2014-09-04},
	journal = {Journal of Chemical Information and Modeling},
	author = {Yu, Hua and Zhou, Peng and Deng, Maolin and Shang, Zhicai},
	month = jul,
	year = {2014},
	pages = {2022--2032},
}

@inproceedings{hanson_constrained_1997-1,
	title = {Constrained navigation environments},
	url = {http://ieeexplore.ieee.org/xpls/abs_all.jsp?arnumber=1423106},
	urldate = {2013-09-16},
	booktitle = {Scientific {Visualization} {Conference}, 1997},
	author = {Hanson, Andrew J. and Wernert, Eric A. and Hughes, Stephen B.},
	year = {1997},
	pages = {95--95},
}

@inproceedings{trellet_content-guided_2014,
	title = {Content-guided {Navigation} in {Multimeric} {Molecular} {Complexes}:},
	isbn = {978-989-758-014-7},
	shorttitle = {Content-guided {Navigation} in {Multimeric} {Molecular} {Complexes}},
	url = {http://www.scitepress.org/DigitalLibrary/Link.aspx?doi=10.5220/0004914300760081},
	doi = {10.5220/0004914300760081},
	urldate = {2014-03-20},
	publisher = {SCITEPRESS - Science and and Technology Publications},
	author = {Trellet, Mikael and Férey, Nicolas and Baaden, Marc and Bourdot, Patrick},
	year = {2014},
	pages = {76--81},
}

@article{chavent_gpu-accelerated_2011,
	title = {{GPU}-accelerated atom and dynamic bond visualization using hyperballs: a unified algorithm for balls, sticks, and hyperboloids},
	volume = {32},
	issn = {1096-987X},
	shorttitle = {{GPU}-accelerated atom and dynamic bond visualization using hyperballs},
	doi = {10.1002/jcc.21861},
	language = {eng},
	number = {13},
	journal = {Journal of Computational Chemistry},
	author = {Chavent, Matthieu and Vanel, Antoine and Tek, Alex and Levy, Bruno and Robert, Sophie and Raffin, Bruno and Baaden, Marc},
	month = oct,
	year = {2011},
	pmid = {21735559},
	keywords = {Algorithms, Computer Graphics, Computer Simulation, Models, Molecular, Software},
	pages = {2924--2935}
}

@article{van_liere_computational_1997,
	title = {Computational steering},
	volume = {12},
	issn = {0167-739X},
	shorttitle = {Computational steering},
	journal = {Future Generation Computer Systems},
	author = {Van Liere, R. and D Mulder, J. and Van Wijk, J.J.},
	year = {1997},
	pages = {441--450},
}

@article{phizicky_protein-protein_1995,
	title = {Protein-protein interactions: methods for detection and analysis},
	volume = {59},
	issn = {0146-0749 (Print) 0146-0749 (Linking)},
	shorttitle = {Protein-protein interactions: methods for detection and analysis},
	url = {http://www.ncbi.nlm.nih.gov/entrez/query.fcgi?cmd=Retrieve&db=PubMed&dopt=Citation&list_uids=7708014},
	journal = {Microbiol Rev},
	author = {Phizicky, E. M. and Fields, S.},
	year = {1995},
	keywords = {Carrier Proteins/genetics/*isolation \& purification/metabolism, Gene Library, Protein Binding/genetics/*physiology},
	pages = {94--123}
}

@misc{_opportunistic_????,
	title = {Opportunistic tangible user interfaces for augmented reality},
	url = {http://www.academia.edu/2793664/Opportunistic_tangible_user_interfaces_for_augmented_reality},
	urldate = {2013-06-20},
	keywords = {academia, academics, Biology, Chemistry, Computer science, Earth Sciences, Economics, English, Geography, History, Law, Math, Medicine, Philosophy, Physics, Political Science, Psychology, Religion, research, universities},
}

@article{ferey_multisensory_2009,
	title = {Multisensory {VR} interaction for protein-docking in the {CoRSAIRe} project},
	volume = {13},
	issn = {1359-4338, 1434-9957},
	url = {http://link.springer.com/article/10.1007/s10055-009-0136-z},
	doi = {10.1007/s10055-009-0136-z},
	language = {en},
	number = {4},
	urldate = {2014-09-22},
	journal = {Virtual Reality},
	author = {Férey, N. and Nelson, J. and Martin, C. and Picinali, L. and Bouyer, G. and Tek, A. and Bourdot, P. and Burkhardt, J. M. and Katz, B. F. G. and Ammi, M. and Etchebest, C. and Autin, L.},
	month = dec,
	year = {2009},
	keywords = {Artificial Intelligence (incl. Robotics), Computer Graphics, Computing Methodologies, Image Processing and Computer Vision, Multimodal rendering, Protein Docking, User-centered design, Virtual Reality},
	pages = {273--293},
}

@article{alberts_rescuing_2014,
	title = {Rescuing {US} biomedical research from its systemic flaws},
	issn = {0027-8424, 1091-6490},
	url = {http://www.pnas.org/content/early/2014/04/09/1404402111},
	doi = {10.1073/pnas.1404402111},
	language = {en},
	urldate = {2014-04-15},
	journal = {Proceedings of the National Academy of Sciences},
	author = {Alberts, Bruce and Kirschner, Marc W. and Tilghman, Shirley and Varmus, Harold},
	month = apr,
	year = {2014},
	keywords = {federal funding, graduate education, peer review, postdoctoral education},
	pages = {201404402},
}

@article{moreira_protein-protein_2010,
	title = {Protein-protein docking dealing with the unknown},
	volume = {31},
	issn = {1096-987X (Electronic) 0192-8651 (Linking)},
	shorttitle = {Protein-protein docking dealing with the unknown},
	url = {http://www.ncbi.nlm.nih.gov/pubmed/19462412},
	doi = {Review},
	journal = {J Comput Chem},
	author = {Moreira, I. S. and Fernandes, P. A. and Ramos, M. J.},
	year = {2010},
	keywords = {*Algorithms, *Computational Biology, Binding Sites, Databases, Protein, Proteins/*chemistry/classification/*metabolism, Software},
	pages = {317--42}
}

@article{goodsell_structural_2000,
	title = {Structural symmetry and protein function},
	volume = {29},
	url = {http://www.annualreviews.org/doi/abs/10.1146/annurev.biophys.29.1.105},
	number = {1},
	urldate = {2013-09-16},
	journal = {Annual review of biophysics and biomolecular structure},
	author = {Goodsell, David S. and Olson, Arthur J.},
	year = {2000},
	pages = {105--153},
}

@inproceedings{dennis_assisted_2002,
	title = {Assisted navigation for large information spaces},
	url = {http://dl.acm.org/citation.cfm?id=602165},
	urldate = {2013-09-16},
	booktitle = {Proceedings of the conference on {Visualization}'02},
	author = {Dennis, Brent M. and Healey, Christopher G.},
	year = {2002},
	pages = {419--426},
}

@article{brunger_version_2007,
	title = {Version 1.2 of the {Crystallography} and {NMR} system},
	volume = {2},
	issn = {1750-2799},
	doi = {10.1038/nprot.2007.406},
	language = {eng},
	number = {11},
	journal = {Nature protocols},
	author = {Brunger, Axel T},
	year = {2007},
	pmid = {18007608},
	keywords = {Biochemistry, Computational Biology, Computer Simulation, Crystallography, X-Ray, Models, Molecular, Nuclear Magnetic Resonance, Biomolecular, Software},
	pages = {2728--2733}
}

@article{heinig_stride:_2004,
	title = {{STRIDE}: a web server for secondary structure assignment from known atomic coordinates of proteins},
	volume = {32},
	issn = {1362-4962 (Electronic) 0305-1048 (Linking)},
	shorttitle = {{STRIDE}: a web server for secondary structure assignment from known atomic coordinates of proteins},
	url = {http://www.ncbi.nlm.nih.gov/pubmed/15215436},
	doi = {10.1093/nar/gkh429},
	journal = {Nucleic Acids Res},
	author = {Heinig, M. and Frishman, D.},
	year = {2004},
	keywords = {*Protein Structure, Secondary, *Software, Databases, Protein, Hydrogen Bonding, Internet, Molecular Structure, Proteins/chemistry},
	pages = {W500--2}
}

@inproceedings{wassenaar_wenmr:_2011,
	title = {{WeNMR}: structural biology on the grid},
	volume = {819},
	shorttitle = {{WeNMR}: structural biology on the grid},
	publisher = {CEUR},
	author = {Wassenaar, T. A. and van Dijk, M. and Loureiro-Ferreira, N. and van der Schot, G. and de Vries, S. J. and Schmitz, C. P. F. and van der Zwan, J. and Boelens, R. and Bonvin, A.},
	year = {2011},
	pages = {[1]--[8] \%@ 1613--0073}
}

@article{monod_nature_1965,
	title = {On the {Nature} of {Allosteric} {Transitions}: {A} {Plausible} {Model}},
	volume = {12},
	issn = {0022-2836 (Print) 0022-2836 (Linking)},
	shorttitle = {On the {Nature} of {Allosteric} {Transitions}: {A} {Plausible} {Model}},
	url = {http://www.ncbi.nlm.nih.gov/pubmed/14343300},
	journal = {J Mol Biol},
	author = {Monod, J. and Wyman, J. and Changeux, J. P.},
	year = {1965},
	keywords = {*Chemistry, Physical, *Enzymes, *Hemoglobins, *Kinetics, *Models, Theoretical, *Proteins, *Research, *Ultracentrifugation, Physicochemical Phenomena},
	pages = {88--118}
}

@article{dreher_exaviz:_2014,
	title = {{ExaViz}: a flexible framework to analyse, steer and interact with molecular dynamics simulations},
	volume = {169},
	issn = {1359-6640, 1364-5498},
	shorttitle = {{ExaViz}},
	url = {http://xlink.rsc.org/?DOI=C3FD00142C},
	doi = {10.1039/C3FD00142C},
	language = {en},
	urldate = {2015-03-17},
	journal = {Faraday Discuss.},
	author = {Dreher, Matthieu and Prevoteau-Jonquet, Jessica and Trellet, Mikael and Piuzzi, Marc and Baaden, Marc and Raffin, Bruno and Ferey, Nicolas and Robert, Sophie and Limet, Sébastien},
	month = feb,
	year = {2014},
	pages = {119--142}
}

@article{anderson_vrdd:_1999,
	title = {{VRDD}: applying virtual reality visualization to protein docking and design},
	volume = {17},
	issn = {1093-3263},
	shorttitle = {{VRDD}: applying virtual reality visualization to protein docking and design},
	journal = {Journal of Molecular Graphics and Modelling},
	author = {Anderson, A. and Weng, Z.},
	year = {1999},
	pages = {180--186},
}

@article{ben-shimon_computational_2010,
	title = {Computational mapping of anchoring spots on protein surfaces},
	volume = {402},
	issn = {1089-8638 (Electronic) 0022-2836 (Linking)},
	shorttitle = {Computational mapping of anchoring spots on protein surfaces},
	url = {http://www.ncbi.nlm.nih.gov/pubmed/20643147},
	doi = {10.1016/j.jmb.2010.07.021},
	journal = {J Mol Biol},
	author = {Ben-Shimon, A. and Eisenstein, M.},
	year = {2010},
	keywords = {*Computational Biology, Algorithms, Membrane Proteins/*chemistry/*metabolism, Models, Molecular, Protein Binding, Protein Conformation, Protein Interaction Mapping},
	pages = {259--77}
}

@article{lv_game_2013-1,
	title = {Game {On}, {Science} - {How} {Video} {Game} {Technology} {May} {Help} {Biologists} {Tackle} {Visualization} {Challenges}},
	volume = {8},
	url = {http://dx.doi.org/10.1371/journal.pone.0057990},
	doi = {10.1371/journal.pone.0057990},
	number = {3},
	urldate = {2014-09-03},
	journal = {PLoS ONE},
	author = {Lv, Zhihan and Tek, Alex and Da Silva, Franck and Empereur-mot, Charly and Chavent, Matthieu and Baaden, Marc},
	month = mar,
	year = {2013},
	pages = {e57990},
}

@article{bowman_virtual_2007,
	title = {Virtual {Reality}: {How} {Much} {Immersion} {Is} {Enough}?},
	volume = {40},
	issn = {0018-9162},
	shorttitle = {Virtual {Reality}},
	doi = {10.1109/MC.2007.257},
	number = {7},
	journal = {Computer},
	author = {Bowman, D.A and McMahan, R.P.},
	month = jul,
	year = {2007},
	keywords = {3D visualization, Application software, Cities and towns, Clinical trials, computer-generated world, Conference management, Costs, data visualisation, Data visualization, immersion, immersive virtual environment, Management training, Medical treatment, Military computing, Public speaking, Virtual Reality},
	pages = {36--43},
}

@inproceedings{fleury_guiding_2013,
	title = {Guiding {Techniques} for {Collaborative} {Exploration} in {Multi}-{Scale} {Shared} {Virtual} {Environments}},
	url = {https://hal.archives-ouvertes.fr/hal-00755313/document},
	language = {en},
	urldate = {2014-11-19},
	author = {Fleury, Cédric and Duval, Thierry and Nguyen, Thi Thuong Huyen},
	month = feb,
	year = {2013},
	keywords = {Collaborative Virtual Environments, Immersive Virtual Reality, Navigation in Virtual Environments, Virtual Reality},
	pages = {327--336},
}

@inproceedings{shneiderman_eyes_1996,
	title = {The eyes have it: a task by data type taxonomy for information visualizations},
	shorttitle = {The eyes have it},
	doi = {10.1109/VL.1996.545307},
	booktitle = {, {IEEE} {Symposium} on {Visual} {Languages}, 1996. {Proceedings}},
	author = {Shneiderman, B.},
	month = sep,
	year = {1996},
	keywords = {advanced graphical user interface design, Art, data mining, data type taxonomy, data visualisation, Data visualization, Displays, Eyes, graphical user interfaces, Information filtering, Information filters, information visualizations, multi dimensional data, Multimedia databases, network data, Taxonomy, Visual databases, visual information seeking, visual programming},
	pages = {336--343},
}

@article{cook_bridging_2008,
	title = {Bridging {Biological} {Ontologies} and {Biosimulation}: {The} {Ontology} of {Physics} for {Biology}},
	volume = {2008},
	issn = {1942-597X},
	shorttitle = {Bridging {Biological} {Ontologies} and {Biosimulation}},
	url = {http://www.ncbi.nlm.nih.gov/pmc/articles/PMC2656075/},
	urldate = {2015-01-26},
	journal = {AMIA Annual Symposium Proceedings},
	author = {Cook, Daniel L. and Mejino, Jose L. V. and Neal, Maxwell L. and Gennari, John H.},
	year = {2008},
	pmid = {18999003},
	pmcid = {PMC2656075},
	pages = {136--140},
}

@article{claude_caspr:_2004,
	title = {{CaspR}: a web server for automated molecular replacement using homology modelling},
	volume = {32},
	issn = {0305-1048, 1362-4962},
	shorttitle = {{CaspR}},
	url = {http://nar.oxfordjournals.org/content/32/suppl_2/W606},
	doi = {10.1093/nar/gkh400},
	language = {en},
	number = {suppl 2},
	urldate = {2014-02-02},
	journal = {Nucleic Acids Research},
	author = {Claude, Jean-Baptiste and Suhre, Karsten and Notredame, Cédric and Claverie, Jean-Michel and Abergel, Chantal},
	month = jul,
	year = {2004},
	pmid = {15215460},
	pages = {W606--W609},
}

@book{kooima_generalized_2009,
	title = {Generalized {Perspective} {Projection}},
	url = {https://robot.bolink.org/ebooks/Generalized%20Perspective%20Projection.pdf},
	urldate = {2014-04-25},
	publisher = {June},
	author = {Kooima, Robert},
	year = {2009},
}

@inproceedings{chastine_ammp-vis:_2005,
	address = {New York, NY, USA},
	series = {{VRST} '05},
	title = {{AMMP}-{Vis}: a collaborative virtual environment for molecular modeling},
	isbn = {1-59593-098-1},
	shorttitle = {{AMMP}-{Vis}},
	url = {http://doi.acm.org/10.1145/1101616.1101620},
	doi = {10.1145/1101616.1101620},
	urldate = {2012-11-27},
	booktitle = {Proceedings of the {ACM} symposium on {Virtual} reality software and technology},
	publisher = {ACM},
	author = {Chastine, Jeffrey W. and Brooks, Jeremy C. and Zhu, Ying and Owen, G. Scott and Harrison, Robert W. and Weber, Irene T.},
	year = {2005},
	keywords = {augmented reality, collaboration, interaction techniques, Molecular modeling, shaders, virtual environments},
	pages = {8--15}
}

@article{frydman-marom_generic_2011,
	title = {The generic amyloid formation inhibition effect of a designed small aromatic beta-breaking peptide},
	volume = {18},
	issn = {1744-2818 (Electronic) 1350-6129 (Linking)},
	shorttitle = {The generic amyloid formation inhibition effect of a designed small aromatic beta-breaking peptide},
	url = {http://www.ncbi.nlm.nih.gov/pubmed/21651439},
	doi = {10.3109/13506129.2011.582902},
	journal = {Amyloid},
	author = {Frydman-Marom, A. and Shaltiel-Karyo, R. and Moshe, S. and Gazit, E.},
	year = {2011},
	keywords = {*Drug Design, *Protein Multimerization, Amino Acids, Aromatic/*chemistry, Amyloid beta-Peptides/*antagonists \& inhibitors/genetics, Bacteria/genetics, Dipeptides/chemical synthesis/*chemistry, Peptide Fragments/chemical synthesis/*chemistry, Protein Conformation},
	pages = {119--27}
}

@article{humphrey_vmd:_1996,
	title = {{VMD}: visual molecular dynamics},
	volume = {14},
	number = {1},
	journal = {Journal of molecular graphics},
	author = {Humphrey, William and Dalke, Andrew and Schulten, Klaus},
	year = {1996},
	pages = {33--38}
}

@misc{martin_profit_????,
	title = {{ProFit}},
	url = {http://www.bioinf.org.uk/software/profit/},
	author = {Martin, Andrew C.R.}
}

@article{diella_understanding_2008,
	title = {Understanding eukaryotic linear motifs and their role in cell signaling and regulation},
	volume = {13},
	issn = {1093-4715 (Electronic) 1093-4715 (Linking)},
	shorttitle = {Understanding eukaryotic linear motifs and their role in cell signaling and regulation},
	url = {http://www.ncbi.nlm.nih.gov/entrez/query.fcgi?cmd=Retrieve&db=PubMed&dopt=Citation&list_uids=18508681},
	doi = {3175 [pii]},
	journal = {Front Biosci},
	author = {Diella, F. and Haslam, N. and Chica, C. and Budd, A. and Michael, S. and Brown, N. P. and Trave, G. and Gibson, T. J.},
	year = {2008},
	keywords = {*Cell Physiological Phenomena, *Signal Transduction, Animals, Endoplasmic Reticulum/physiology, Homeostasis, Mammals, Models, Biological, Proteins/physiology, Reproducibility of Results},
	pages = {6580--603}
}

@inproceedings{katz_corsairecombination_2007,
	title = {{CoRSAIRe}–{Combination} of {Sensori}-motor {Rendering} for the {Immersive} {Analysis} of {Results}},
	volume = {3},
	shorttitle = {{CoRSAIRe}–{Combination} of {Sensori}-motor {Rendering} for the {Immersive} {Analysis} of {Results}},
	author = {Katz, B.F.G. and Warusfel, O. and Bourdot, P. and Vezien, J.M.},
	year = {2007},
}

@article{frohlich_implementing_2005,
	title = {Implementing multi-viewer stereo displays},
	journal = {WSCG (Full Papers)},
	author = {Fröhlich, Bernd and Blach, Roland and Stefani, Oliver and Hochstrate, Jan and Hoffmann, Jörg and Klüger, Karsten and Bues, Matthias},
	year = {2005},
	pages = {139--146}
}

@inproceedings{wijayasekara_cave-som:_2011,
	title = {{CAVE}-{SOM}: {Immersive} visual data mining using 3D {Self}-{Organizing} {Maps}},
	shorttitle = {{CAVE}-{SOM}},
	doi = {10.1109/IJCNN.2011.6033540},
	booktitle = {The 2011 {International} {Joint} {Conference} on {Neural} {Networks} ({IJCNN})},
	author = {Wijayasekara, D. and Linda, O. and Manic, M.},
	month = aug,
	year = {2011},
	keywords = {3D self-organizing maps, 3D visual data mining framework, data histogram, data mining, data visualisation, decision making, dimensionality reduction, human observer, human perception, immersive cave automated virtual environment, immersive visual data mining, immersive visualization, input space view, knowledge extraction, machine learning, multidimensional datasets, self-organising feature maps, self-organizing map algorithm, U-matrix, wind-power generation data},
	pages = {2471 --2478},
}

@inproceedings{luo_interactive_2004,
	title = {An interactive molecular visualization system for education in immersive multi-projection virtual environment},
	doi = {10.1109/ICIG.2004.36},
	booktitle = {Third {International} {Conference} on {Image} and {Graphics}, 2004. {Proceedings}},
	author = {Luo, Yanlin and Guo, Ping and Hasegawa, S. and Sato, M.},
	month = dec,
	year = {2004},
	keywords = {computer aided instruction, data visualisation, educational aids, hybrid screen, immersive multiprojection virtual environment, interactive molecular visualization system, intuitive 6DOF haptic device Spidar-G, molecular configurations, PC cluster, physics computing, physics education, Virtual Reality},
	pages = {485 -- 488},
}

@article{demchenko_recognition_2001,
	title = {Recognition between flexible protein molecules: induced and assisted folding},
	volume = {14},
	issn = {0952-3499 (Print) 0952-3499 (Linking)},
	shorttitle = {Recognition between flexible protein molecules: induced and assisted folding},
	url = {http://www.ncbi.nlm.nih.gov/entrez/query.fcgi?cmd=Retrieve&db=PubMed&dopt=Citation&list_uids=11180561},
	doi = {10.1002/1099-1352(200101/02)14:1<42::AID-JMR518>3.0.CO;2-8 [pii] 10.1002/1099-1352(200101/02)14:1<42::AID-JMR518>3.0.CO;2-8},
	journal = {J Mol Recognit},
	author = {Demchenko, A. P.},
	year = {2001},
	keywords = {*Protein Folding, Animals, Humans, Kinetics, Ligands, Models, Molecular, Molecular Chaperones, Nucleic Acids/*metabolism, Proteins/*metabolism, Thermodynamics},
	pages = {42--61}
}

@incollection{zacharias_data-driven_2010,
	title = {Data-driven {Docking}: {Using} {External} {Information} to {Spark} the {Biomolecular} {Rendez}-vous},
	isbn = {978-1-84816-338-6, 978-1-908978-54-7},
	shorttitle = {Data-driven {Docking}},
	url = {http://www.worldscientific.com/doi/abs/10.1142/9781848163409_0007},
	urldate = {2014-02-02},
	booktitle = {Protein-{Protein} {Complexes}},
	publisher = {IMPERIAL COLLEGE PRESS},
	author = {Melquiond, Adrien S. J. and Bonvin, Alexandre M. J. J.},
	collaborator = {Zacharias, Martin},
	month = may,
	year = {2010},
	pages = {182--208},
}

@article{wimley_antimicrobial_2011,
	title = {Antimicrobial peptides: successes, challenges and unanswered questions},
	volume = {239},
	issn = {1432-1424 (Electronic) 0022-2631 (Linking)},
	shorttitle = {Antimicrobial peptides: successes, challenges and unanswered questions},
	url = {http://www.ncbi.nlm.nih.gov/pubmed/21225255},
	doi = {10.1007/s00232-011-9343-0},
	journal = {J Membr Biol},
	author = {Wimley, W. C. and Hristova, K.},
	year = {2011},
	keywords = {*Anti-Infective Agents/pharmacology, *Antimicrobial Cationic Peptides/pharmacology, *Models, Biological, Cell Wall/drug effects, Lipid Bilayers/chemical synthesis, Membranes, Artificial},
	pages = {27--34}
}

@article{bruder_redirecting_2012,
	title = {Redirecting {Walking} and {Driving} for {Natural} {Navigation} in {Immersive} {Virtual} {Environments}},
	volume = {18},
	issn = {1077-2626},
	doi = {10.1109/TVCG.2012.55},
	number = {4},
	journal = {IEEE Transactions on Visualization and Computer Graphics},
	author = {Bruder, G. and Interrante, V. and Phillips, L. and Steinicke, F.},
	month = apr,
	year = {2012},
	keywords = {active transportation, Automobile Driving, Computer Graphics, driving locomotion, electric wheelchair, Humans, immersive virtual environment, interactive devices, Laboratories, Legged locomotion, longer-distance travel, motion perception., natural locomotion, natural navigation, Navigation, navigation task, passive transportation, perceptual detection threshold, Psychophysics, redirected driving, redirected walking, redirection technique, self\&\#8211, Space exploration, Space Perception, transportation device, User-Computer Interface, user interfaces, vehicle-based self-motion, Vehicles, Virtual Reality, Visualization, Walking, walking interface, walking locomotion, Wheelchairs},
	pages = {538--545},
}

@article{bylaska_extending_2013,
	title = {Extending molecular simulation time scales: {Parallel} in time integrations for high-level quantum chemistry and complex force representations},
	volume = {139},
	issn = {00219606},
	shorttitle = {Extending molecular simulation time scales},
	url = {http://www.pnnl.gov/science/highlights/highlight.asp?id=1560},
	doi = {10.1063/1.4818328},
	number = {7},
	urldate = {2014-02-05},
	journal = {The Journal of Chemical Physics},
	author = {Bylaska, Eric J. and Weare, Jonathan Q. and Weare, John H.},
	year = {2013},
	pages = {074114},
}

@article{cruz-neira_vibe:_1996,
	title = {{VIBE}: {A} virtual biomolecular environment for interactive molecular modeling},
	volume = {20},
	issn = {0097-8485},
	shorttitle = {{VIBE}},
	url = {http://www.sciencedirect.com/science/article/pii/0097848596000095},
	doi = {10.1016/0097-8485(96)00009-5},
	number = {4},
	urldate = {2014-09-22},
	journal = {Computers \& Chemistry},
	author = {Cruz-Neira, C. and Langley, R. and Bash, P. A.},
	month = aug,
	year = {1996},
	pages = {469--477},
}

@article{wodak_computer_1978,
	title = {Computer analysis of protein-protein interaction},
	volume = {124},
	issn = {0022-2836},
	language = {eng},
	number = {2},
	journal = {Journal of molecular biology},
	author = {Wodak, S J and Janin, J},
	month = sep,
	year = {1978},
	pmid = {712840},
	keywords = {Amino Acids, Computers, Models, Chemical, Protein Binding, Protein Conformation, Proteins, Trypsin, Trypsin Inhibitors},
	pages = {323--342}
}

@inproceedings{vinson_design_1999,
	address = {New York, NY, USA},
	series = {{CHI} '99},
	title = {Design {Guidelines} for {Landmarks} to {Support} {Navigation} in {Virtual} {Environments}},
	isbn = {0-201-48559-1},
	url = {http://doi.acm.org.gate6.inist.fr/10.1145/302979.303062},
	doi = {10.1145/302979.303062},
	urldate = {2014-09-25},
	booktitle = {Proceedings of the {SIGCHI} {Conference} on {Human} {Factors} in {Computing} {Systems}},
	publisher = {ACM},
	author = {Vinson, Norman G.},
	year = {1999},
	keywords = {guidelines, landmarks, Navigation, virtual environments, Virtual Reality, wayfinding},
	pages = {278--285},
}

@article{eudes_generalized_2007,
	title = {A generalized analysis of hydrophobic and loop clusters within globular protein sequences},
	volume = {7},
	issn = {1472-6807 (Electronic) 1472-6807 (Linking)},
	shorttitle = {A generalized analysis of hydrophobic and loop clusters within globular protein sequences},
	url = {http://www.ncbi.nlm.nih.gov/pubmed/17210072},
	doi = {10.1186/1472-6807-7-2},
	journal = {BMC Struct Biol},
	author = {Eudes, R. and Le Tuan, K. and Delettre, J. and Mornon, J. P. and Callebaut, I.},
	year = {2007},
	keywords = {*Protein Folding, *Protein Structure, Secondary, Cluster Analysis, Hydrophobic and Hydrophilic Interactions, Sequence Analysis, Protein},
	pages = {2}
}

@article{kehrer_visualization_2013,
	title = {Visualization and {Visual} {Analysis} of {Multifaceted} {Scientific} {Data}: {A} {Survey}},
	volume = {19},
	issn = {1077-2626},
	shorttitle = {Visualization and {Visual} {Analysis} of {Multifaceted} {Scientific} {Data}},
	doi = {10.1109/TVCG.2012.110},
	number = {3},
	journal = {IEEE Transactions on Visualization and Computer Graphics},
	author = {Kehrer, J. and Hauser, H.},
	month = mar,
	year = {2013},
	keywords = {Algorithms, Atmospheric modeling, computational analysis, Computational modeling, Computer Graphics, Computer Simulation, Database Management Systems, Databases, Factual, data characteristics heterogeneity, data mining, Data models, data sources, data visualisation, Data visualization, Image Interpretation, Computer-Assisted, Imaging, Three-Dimensional, interactive visual analysis, Models, Theoretical, multifaceted scientific data, multimodal, multimodel, multimodel data, multiphysics simulations, multirun, multirun-ensemble data, multivariate, multivariate data, Solid modeling, spatiotemporal data, User-Computer Interface, Visualization, visualization techniques},
	pages = {495--513},
}

@article{sellers_xpairit_2015,
	title = {{XPairIt} {Docking} {Protocol} for peptide docking and analysis},
	volume = {0},
	issn = {0892-7022},
	url = {http://dx.doi.org/10.1080/08927022.2015.1025267},
	doi = {10.1080/08927022.2015.1025267},
	number = {0},
	urldate = {2015-04-28},
	journal = {Molecular Simulation},
	author = {Sellers, Michael S. and Hurley, Margaret M.},
	month = apr,
	year = {2015},
	pages = {1--13},
}

@article{schneider_plectasin_2010,
	title = {Plectasin, a fungal defensin, targets the bacterial cell wall precursor {Lipid} {II}},
	volume = {328},
	issn = {1095-9203 (Electronic) 0036-8075 (Linking)},
	shorttitle = {Plectasin, a fungal defensin, targets the bacterial cell wall precursor {Lipid} {II}},
	url = {http://www.ncbi.nlm.nih.gov/entrez/query.fcgi?cmd=Retrieve&db=PubMed&dopt=Citation&list_uids=20508130},
	doi = {328/5982/1168 [pii] 10.1126/science.1185723},
	journal = {Science},
	author = {Schneider, T. and Kruse, T. and Wimmer, R. and Wiedemann, I. and Sass, V. and Pag, U. and Jansen, A. and Nielsen, A. K. and Mygind, P. H. and Raventos, D. S. and Neve, S. and Ravn, B. and Bonvin, A. M. and De Maria, L. and Andersen, A. S. and Gammelgaard, L. K. and Sahl, H. G. and Kristensen, H. H.},
	year = {2010},
	keywords = {Anti-Bacterial Agents/pharmacology, Ascomycota/chemistry, Bacillus subtilis/drug effects/growth \& development/*metabolism/ultrastructure, Binding Sites, Cell Membrane/metabolism, Cell Wall/*metabolism, Computer Simulation, Defensins/*metabolism/pharmacology, Fungal Proteins/*metabolism/pharmacology, Models, Molecular, Nuclear Magnetic Resonance, Biomolecular, Oligonucleotide Array Sequence Analysis, Peptides/*metabolism/pharmacology, Protein Conformation, Staphylococcus/drug effects/growth \& development/*metabolism/ultrastructure, Uridine Diphosphate N-Acetylmuramic Acid/*analogs \& derivatives/metabolism, Vancomycin/pharmacology},
	pages = {1168--72}
}

@article{harrison_electronic_2013,
	title = {Electronic {Visualisation} in {Chemistry}: {From} {Alchemy} to {Art}},
	shorttitle = {Electronic {Visualisation} in {Chemistry}},
	url = {http://arxiv.org/abs/1307.6360},
	urldate = {2014-09-04},
	journal = {arXiv:1307.6360 [physics]},
	author = {Harrison, Karl and Bowen, Jonathan P. and Bowen, Alice M.},
	month = jul,
	year = {2013},
	keywords = {Computer Science - Graphics, I.3.m, J.3, J.5, Physics - Chemical Physics},
}

@article{tzakos_nmr_2004,
	title = {{NMR} and molecular dynamics studies of an autoimmune myelin basic protein peptide and its antagonist: structural implications for the {MHC} {II} ({I}-{Au})-peptide complex from docking calculations},
	volume = {271},
	issn = {0014-2956 (Print) 0014-2956 (Linking)},
	shorttitle = {{NMR} and molecular dynamics studies of an autoimmune myelin basic protein peptide and its antagonist: structural implications for the {MHC} {II} ({I}-{Au})-peptide complex from docking calculations},
	url = {http://www.ncbi.nlm.nih.gov/entrez/query.fcgi?cmd=Retrieve&db=PubMed&dopt=Citation&list_uids=15291817},
	doi = {10.1111/j.1432-1033.2004.04274.x EJB4274 [pii]},
	journal = {Eur J Biochem},
	author = {Tzakos, A. G. and Fuchs, P. and van Nuland, N. A. and Troganis, A. and Tselios, T. and Deraos, S. and Matsoukas, J. and Gerothanassis, I. P. and Bonvin, A. M.},
	year = {2004},
	keywords = {*Autoimmunity, *Nuclear Magnetic Resonance, Biomolecular, Alanine/metabolism, Amino Acid Sequence, Animals, Binding Sites, Dimethyl Sulfoxide, Epitopes/chemistry, Histocompatibility Antigens Class II/*immunology, Humans, Models, Molecular, Molecular Sequence Data, Myelin Basic Proteins/*antagonists \& inhibitors/*chemistry/immunology/metabolism, Protein Structure, Tertiary, Sequence Alignment, Structure-Activity Relationship, Water/chemistry},
	pages = {3399--413}
}

@article{ceol_domino:_2007,
	title = {{DOMINO}: a database of domain-peptide interactions},
	volume = {35},
	issn = {1362-4962 (Electronic) 0305-1048 (Linking)},
	shorttitle = {{DOMINO}: a database of domain-peptide interactions},
	url = {http://www.ncbi.nlm.nih.gov/entrez/query.fcgi?cmd=Retrieve&db=PubMed&dopt=Citation&list_uids=17135199},
	doi = {gkl961 [pii] 10.1093/nar/gkl961},
	journal = {Nucleic Acids Res},
	author = {Ceol, A. and Chatr-aryamontri, A. and Santonico, E. and Sacco, R. and Castagnoli, L. and Cesareni, G.},
	year = {2007},
	keywords = {*Databases, Protein, *Protein Structure, Tertiary, Binding Sites, Internet, Ligands, Peptides/*chemistry/metabolism, Protein Interaction Mapping, User-Computer Interface},
	pages = {D557--60}
}

@article{raveh_sub-angstrom_2010,
	title = {Sub-angstrom modeling of complexes between flexible peptides and globular proteins},
	volume = {78},
	issn = {1097-0134 (Electronic) 0887-3585 (Linking)},
	shorttitle = {Sub-angstrom modeling of complexes between flexible peptides and globular proteins},
	url = {http://www.ncbi.nlm.nih.gov/entrez/query.fcgi?cmd=Retrieve&db=PubMed&dopt=Citation&list_uids=20455260},
	doi = {10.1002/prot.22716},
	journal = {Proteins},
	author = {Raveh, B. and London, N. and Schueler-Furman, O.},
	year = {2010},
	keywords = {*Molecular Dynamics Simulation, *Software, Capsid Proteins/chemistry, Databases, Protein, Hiv, Monte Carlo Method, Multiprotein Complexes/chemistry, PDZ Domains, Peptides/chemistry, Protein Interaction Mapping/*methods, Proteins/*chemistry},
	pages = {2029--40}
}

@article{lucas_constrained_2010,
	title = {Constrained navigation with mandatory waypoints in uncertain environment},
	volume = {1},
	url = {http://hal.archives-ouvertes.fr/hal-00831578/},
	number = {2},
	urldate = {2013-09-16},
	journal = {International Journal of Information Sciences and Computer Engineering},
	author = {Lucas, Fran{\textbackslash}ccois and Guettier, Christophe and Siarry, Patrick and Milcent, Anne-Marie and de La Fortelle, Arnaud},
	year = {2010},
	pages = {75--85},
}

@article{ball_realizing_2007,
	title = {Realizing embodied interaction for visual analytics through large displays},
	volume = {31},
	issn = {0097-8493},
	url = {http://www.sciencedirect.com/science/article/pii/S009784930700060X},
	doi = {10.1016/j.cag.2007.01.029},
	number = {3},
	urldate = {2012-11-26},
	journal = {Computers \& Graphics},
	author = {Ball, Robert and North, Chris},
	month = jun,
	year = {2007},
	keywords = {Embodied interaction, Large displays, Space–scale, Visual analytics},
	pages = {380--400},
}

@article{bernstein_protein_1977,
	volume = {80},
	issn = {0014-2956 (Print) 0014-2956 (Linking)},
	url = {http://www.ncbi.nlm.nih.gov/pubmed/923582},
	doi = {Duplicate Publication Research Support, U.S. Gov't, Non-P.H.S.},
	journal = {Eur J Biochem},
	author = {Bernstein, F. C. and Koetzle, T. F. and Williams, G. J. and Meyer, E. F. and Brice, M. D. and Rodgers, J. R. and Kennard, O. and Shimanouchi, T. and Tasumi, M.},
	year = {1977},
	keywords = {*Information Systems, *Protein Conformation, *Proteins, Computers, Great Britain, Japan, Tokyo, United States},
	pages = {319--24}
}

@article{stone_immersive_2010,
	title = {Immersive molecular visualization and interactive modeling with commodity hardware},
	shorttitle = {Immersive molecular visualization and interactive modeling with commodity hardware},
	journal = {Advances in Visual Computing},
	author = {Stone, J. and Kohlmeyer, A. and Vandivort, K. and Schulten, K.},
	year = {2010},
	pages = {382--393},
}

@article{hammes_conformational_2009,
	title = {Conformational selection or induced fit: a flux description of reaction mechanism},
	volume = {106},
	issn = {1091-6490 (Electronic) 0027-8424 (Linking)},
	shorttitle = {Conformational selection or induced fit: a flux description of reaction mechanism},
	url = {http://www.ncbi.nlm.nih.gov/entrez/query.fcgi?cmd=Retrieve&db=PubMed&dopt=Citation&list_uids=19666553},
	doi = {0907195106 [pii] 10.1073/pnas.0907195106},
	journal = {Proc Natl Acad Sci U S A},
	author = {Hammes, G. G. and Chang, Y. C. and Oas, T. G.},
	year = {2009},
	keywords = {Algorithms, Chemistry/*methods, Desulfovibrio desulfuricans/metabolism, Flavins/chemistry, Kinetics, Ligands, Magnetic Resonance Spectroscopy, Models, Chemical, Models, Theoretical, Molecular Conformation, NADP/chemistry, Protein Conformation, Protein Folding, Tetrahydrofolate Dehydrogenase/chemistry},
	pages = {13737--41}
}

@article{london_rosetta_2011,
	title = {Rosetta {FlexPepDock} web server--high resolution modeling of peptide-protein interactions},
	volume = {39},
	issn = {1362-4962 (Electronic) 0305-1048 (Linking)},
	shorttitle = {Rosetta {FlexPepDock} web server--high resolution modeling of peptide-protein interactions},
	url = {http://www.ncbi.nlm.nih.gov/pubmed/21622962},
	doi = {Research Support, N.I.H., Extramural Research Support, Non-U.S. Gov't Research Support, U.S. Gov't, Non-P.H.S.},
	journal = {Nucleic Acids Res},
	author = {London, N. and Raveh, B. and Cohen, E. and Fathi, G. and Schueler-Furman, O.},
	year = {2011},
	keywords = {*Protein Interaction Mapping, *Software, Binding Sites, Internet, Models, Molecular, Peptides/*chemistry, Proteins/*chemistry},
	pages = {W249--53}
}

@article{csermely_induced_2010,
	title = {Induced fit, conformational selection and independent dynamic segments: an extended view of binding events},
	volume = {35},
	issn = {0968-0004 (Print) 0968-0004 (Linking)},
	shorttitle = {Induced fit, conformational selection and independent dynamic segments: an extended view of binding events},
	url = {http://www.ncbi.nlm.nih.gov/entrez/query.fcgi?cmd=Retrieve&db=PubMed&dopt=Citation&list_uids=20541943},
	doi = {S0968-0004(10)00088-5 [pii] 10.1016/j.tibs.2010.04.009},
	journal = {Trends Biochem Sci},
	author = {Csermely, P. and Palotai, R. and Nussinov, R.},
	year = {2010},
	keywords = {Animals, Humans, Protein Binding, Protein Conformation, Protein Folding, Proteins/*chemistry/metabolism, Signal Transduction},
	pages = {539--46}
}

@article{vanhee_pepx:_2009,
	title = {{PepX}: a structural database of non-redundant protein-peptide complexes},
	volume = {38},
	issn = {1362-4962 (Electronic) 0305-1048 (Linking)},
	shorttitle = {{PepX}: a structural database of non-redundant protein-peptide complexes},
	url = {http://www.ncbi.nlm.nih.gov/entrez/query.fcgi?cmd=Retrieve&db=PubMed&dopt=Citation&list_uids=19880386},
	doi = {gkp893 [pii] 10.1093/nar/gkp893},
	journal = {Nucleic Acids Res},
	author = {Vanhee, P. and Reumers, J. and Stricher, F. and Baeten, L. and Serrano, L. and Schymkowitz, J. and Rousseau, F.},
	year = {2009},
	keywords = {*Databases, Protein, Animals, Computational Biology/*methods/trends, Humans, Information Storage and Retrieval/methods, Internet, Ligands, Peptides/chemistry, Protein Interaction Mapping/*methods, Proteins/chemistry, Protein Structure, Tertiary, Signal Transduction, Software},
	pages = {D545--51}
}

@article{stanney_usability_2003,
	title = {Usability engineering of virtual environments ({VEs}): identifying multiple criteria that drive effective {VE} system design},
	volume = {58},
	issn = {10715819},
	shorttitle = {Usability engineering of virtual environments ({VEs})},
	url = {http://linkinghub.elsevier.com/retrieve/pii/S1071581903000156},
	doi = {10.1016/S1071-5819(03)00015-6},
	language = {en},
	number = {4},
	urldate = {2014-09-26},
	journal = {International Journal of Human-Computer Studies},
	author = {Stanney, Kay M. and Mollaghasemi, Mansooreh and Reeves, Leah and Breaux, Robert and Graeber, David A.},
	month = apr,
	year = {2003},
	pages = {447--481}
}

@article{molza_innovative_2014,
	title = {Innovative interactive flexible docking method for multi-scale reconstruction elucidates dystrophin molecular assembly},
	issn = {1364-5498},
	url = {http://pubs.rsc.org/en/content/articlelanding/2014/fd/c3fd00134b},
	doi = {10.1039/C3FD00134B},
	language = {en},
	urldate = {2014-09-22},
	journal = {Faraday Discussions},
	author = {Molza, A.-E. and Férey, N. and Czjzek, M. and Rumeur, E. Le and Hubert, J.-F. and Tek, A. and Laurent, B. and Baaden, M. and Delalande, O.},
	month = jun,
	year = {2014},
}

@article{lee_pdz_2010,
	title = {{PDZ} domains and their binding partners: structure, specificity, and modification},
	volume = {8},
	issn = {1478-811X (Electronic) 1478-811X (Linking)},
	shorttitle = {{PDZ} domains and their binding partners: structure, specificity, and modification},
	url = {http://www.ncbi.nlm.nih.gov/entrez/query.fcgi?cmd=Retrieve&db=PubMed&dopt=Citation&list_uids=20509869},
	doi = {1478-811X-8-8 [pii] 10.1186/1478-811X-8-8},
	journal = {Cell Commun Signal},
	author = {Lee, H. J. and Zheng, J. J.},
	year = {2010},
	pages = {8}
}

@article{dominguez_haddock:_2003,
	title = {{HADDOCK}: a protein-protein docking approach based on biochemical or biophysical information},
	volume = {125},
	issn = {0002-7863 (Print) 0002-7863 (Linking)},
	shorttitle = {{HADDOCK}: a protein-protein docking approach based on biochemical or biophysical information},
	url = {http://www.ncbi.nlm.nih.gov/entrez/query.fcgi?cmd=Retrieve&db=PubMed&dopt=Citation&list_uids=12580598},
	doi = {10.1021/ja026939x},
	journal = {J Am Chem Soc},
	author = {Dominguez, C. and Boelens, R. and Bonvin, A. M.},
	year = {2003},
	keywords = {*Bacterial Proteins, *Models, Chemical, Antigens, CD4/chemistry, Escherichia coli Proteins, HIV Envelope Protein gp120/chemistry, Models, Molecular, Phosphoenolpyruvate Sugar Phosphotransferase System/chemistry, Proteins/*chemistry, Protein Structure, Quaternary},
	pages = {1731--7}
}

@article{casares_high-resolution_2007,
	title = {The high-resolution {NMR} structure of the {R}21A {Spc}-{SH}3:{P}41 complex: understanding the determinants of binding affinity by comparison with {Abl}-{SH}3},
	volume = {7},
	issn = {1472-6807 (Electronic) 1472-6807 (Linking)},
	shorttitle = {The high-resolution {NMR} structure of the {R}21A {Spc}-{SH}3:{P}41 complex: understanding the determinants of binding affinity by comparison with {Abl}-{SH}3},
	url = {http://www.ncbi.nlm.nih.gov/pubmed/17407569},
	doi = {10.1186/1472-6807-7-22},
	journal = {BMC Struct Biol},
	author = {Casares, S. and Ab, E. and Eshuis, H. and Lopez-Mayorga, O. and van Nuland, N. A. and Conejero-Lara, F.},
	year = {2007},
	keywords = {*src Homology Domains, Alanine/*genetics, Animals, Arginine/*genetics, Calorimetry, Differential Scanning, Chickens, Magnetic Resonance Spectroscopy, Models, Molecular, Mutant Proteins/*chemistry/metabolism, Peptides/chemistry/metabolism, Protein Binding, Proto-Oncogene Proteins c-abl/*chemistry/metabolism, Spectrin/*chemistry/*metabolism, Thermodynamics, Water},
	pages = {22}
}

@article{hahn_transient_2012,
	title = {Transient protein-protein interaction of the {SH}3-peptide complex via closely located multiple binding sites},
	volume = {7},
	issn = {1932-6203 (Electronic) 1932-6203 (Linking)},
	shorttitle = {Transient protein-protein interaction of the {SH}3-peptide complex via closely located multiple binding sites},
	url = {http://www.ncbi.nlm.nih.gov/entrez/query.fcgi?cmd=Retrieve&db=PubMed&dopt=Citation&list_uids=22457720},
	doi = {10.1371/journal.pone.0032804 PONE-D-11-12021 [pii]},
	journal = {PLoS One},
	author = {Hahn, S. and Kim, D.},
	year = {2012},
	pages = {e32804}
}

@article{jorgensen_comparison_1983,
	title = {Comparison of simple potential functions for simulating liquid water},
	volume = {79},
	issn = {0021-9606, 1089-7690},
	url = {http://scitation.aip.org/content/aip/journal/jcp/79/2/10.1063/1.445869},
	doi = {10.1063/1.445869},
	number = {2},
	urldate = {2014-02-27},
	journal = {The Journal of Chemical Physics},
	author = {Jorgensen, William L. and Chandrasekhar, Jayaraman and Madura, Jeffry D. and Impey, Roger W. and Klein, Michael L.},
	month = jul,
	year = {1983},
	keywords = {Experiment design, Intermolecular potentials, Liquid structure simulation, Molecular dynamics, Monte Carlo methods, Neutron diffraction, Neutrons, Solution thermodynamics},
	pages = {926--935},
}

@article{verschueren_protein-peptide_2013,
	title = {Protein-{Peptide} {Complex} {Prediction} through {Fragment} {Interaction} {Patterns}},
	volume = {21},
	issn = {0969-2126},
	doi = {10.1016/j.str.2013.02.023},
	number = {5},
	urldate = {2014-01-31},
	journal = {Structure},
	author = {Verschueren, Erik and Vanhee, Peter and Rousseau, Frederic and Schymkowitz, Joost and Serrano, Luis},
	month = may,
	year = {2013},
	pages = {789--797},
}

@article{rubin_nature_1966,
	title = {On the nature of allosteric transitions: implications of non-exclusive ligand binding},
	volume = {21},
	issn = {0022-2836 (Print) 0022-2836 (Linking)},
	shorttitle = {On the nature of allosteric transitions: implications of non-exclusive ligand binding},
	url = {http://www.ncbi.nlm.nih.gov/pubmed/5972463},
	journal = {J Mol Biol},
	author = {Rubin, M. M. and Changeux, J. P.},
	year = {1966},
	keywords = {*Proteins, Chemistry, Physical, Models, Theoretical, Physicochemical Phenomena, Protein Binding},
	pages = {265--74}
}

@article{karaca_multidomain_2011,
	title = {A multidomain flexible docking approach to deal with large conformational changes in the modeling of biomolecular complexes},
	volume = {19},
	issn = {1878-4186 (Electronic) 0969-2126 (Linking)},
	shorttitle = {A multidomain flexible docking approach to deal with large conformational changes in the modeling of biomolecular complexes},
	url = {http://www.ncbi.nlm.nih.gov/entrez/query.fcgi?cmd=Retrieve&db=PubMed&dopt=Citation&list_uids=21481778},
	doi = {S0969-2126(11)00064-5 [pii] 10.1016/j.str.2011.01.014},
	journal = {Structure},
	author = {Karaca, E. and Bonvin, A. M.},
	year = {2011},
	keywords = {*Models, Molecular, *Protein Structure, Tertiary, Algorithms, Computer Simulation, Protein Binding, Protein Conformation, Proteins/*chemistry, Software},
	pages = {555--65}
}

@article{lee_galaxypepdock:_2015,
	title = {{GalaxyPepDock}: a protein–peptide docking tool based on interaction similarity and energy optimization},
	issn = {0305-1048, 1362-4962},
	shorttitle = {{GalaxyPepDock}},
	url = {http://nar.oxfordjournals.org/content/early/2015/05/12/nar.gkv495},
	doi = {10.1093/nar/gkv495},
	language = {en},
	urldate = {2015-05-18},
	journal = {Nucleic Acids Research},
	author = {Lee, Hasup and Heo, Lim and Lee, Myeong Sup and Seok, Chaok},
	month = may,
	year = {2015},
	pmid = {25969449},
	pages = {gkv495},
}

@article{fjell_designing_2012,
	title = {Designing antimicrobial peptides: form follows function},
	volume = {11},
	issn = {1474-1776},
	shorttitle = {Designing antimicrobial peptides: form follows function},
	url = {://WOS:000299323100020},
	doi = {Doi 10.1038/Nrd3591},
	journal = {Nature Reviews Drug Discovery},
	author = {Fjell, C. D. and Hiss, J. A. and Hancock, R. E. W. and Schneider, G.},
	year = {2012},
	keywords = {amino-acid descriptors, artificial neural-networks, cell-penetrating peptides, de-novo design, host-defense peptides, library design, membrane-active peptides, molecular-dynamics simulations, solid-state nmr, surface-plasmon resonance},
	pages = {37--51}
}

@article{jorgensen_opls_1988,
	title = {The {OPLS} [optimized potentials for liquid simulations] potential functions for proteins, energy minimizations for crystals of cyclic peptides and crambin},
	volume = {110},
	issn = {0002-7863},
	url = {http://dx.doi.org/10.1021/ja00214a001},
	doi = {10.1021/ja00214a001},
	number = {6},
	urldate = {2014-02-27},
	journal = {Journal of the American Chemical Society},
	author = {Jorgensen, William L. and Tirado-Rives, Julian.},
	month = mar,
	year = {1988},
	pages = {1657--1666},
}

@inproceedings{wernert_framework_1999,
	title = {A framework for assisted exploration with collaboration},
	url = {http://ieeexplore.ieee.org/xpls/abs_all.jsp?arnumber=809893},
	urldate = {2013-09-16},
	booktitle = {Visualization'99. {Proceedings}},
	author = {Wernert, Eric A. and Hanson, Andrew J.},
	year = {1999},
	pages = {241--529},
}

@article{changeux_conformational_2011,
	title = {Conformational selection or induced fit? 50 years of debate resolved},
	volume = {3},
	issn = {1757-594X (Electronic) 1757-594X (Linking)},
	shorttitle = {Conformational selection or induced fit? 50 years of debate resolved},
	url = {http://www.ncbi.nlm.nih.gov/entrez/query.fcgi?cmd=Retrieve&db=PubMed&dopt=Citation&list_uids=21941598},
	doi = {10.3410/B3-19 19 [pii]},
	journal = {F1000 Biol Rep},
	author = {Changeux, J. P. and Edelstein, S.},
	year = {2011},
	pages = {19}
}

@misc{hubbard_naccess_1993,
	address = {Manchester},
	title = {{NACCESS}},
	shorttitle = {{NACCESS}},
	url = {http://www.bioinf.manchester.ac.uk/naccess},
	author = {Hubbard, S.J. and Thornton, J.M.},
	year = {1993}
}

@article{hetenyi_efficient_2002,
	title = {Efficient docking of peptides to proteins without prior knowledge of the binding site},
	volume = {11},
	issn = {0961-8368 (Print) 0961-8368 (Linking)},
	shorttitle = {Efficient docking of peptides to proteins without prior knowledge of the binding site},
	url = {http://www.ncbi.nlm.nih.gov/entrez/query.fcgi?cmd=Retrieve&db=PubMed&dopt=Citation&list_uids=12070326},
	doi = {10.1110/ps.0202302},
	journal = {Protein Sci},
	author = {Hetenyi, C. and van der Spoel, D.},
	year = {2002},
	keywords = {*Algorithms, *Software, Binding Sites, Computational Biology/methods, Ligands, Peptides/*metabolism, Protein Binding, Proteins/*metabolism},
	pages = {1729--37}
}

@inproceedings{burtnyk_stylecam:_2002,
	title = {{StyleCam}: interactive stylized 3D navigation using integrated spatial \& temporal controls},
	shorttitle = {{StyleCam}},
	url = {http://dl.acm.org/citation.cfm?id=572000},
	urldate = {2013-09-16},
	booktitle = {Proceedings of the 15th annual {ACM} symposium on {User} interface software and technology},
	author = {Burtnyk, Nicholas and Khan, Azam and Fitzmaurice, George and Balakrishnan, Ravin and Kurtenbach, Gordon},
	year = {2002},
	pages = {101--110},
}

@article{maes_peptides_2012,
	title = {Peptides that inhibit {HIV}-1 integrase by blocking its protein-protein interactions},
	volume = {279},
	issn = {1742-4658 (Electronic) 1742-464X (Linking)},
	shorttitle = {Peptides that inhibit {HIV}-1 integrase by blocking its protein-protein interactions},
	url = {http://www.ncbi.nlm.nih.gov/pubmed/22742518},
	doi = {10.1111/j.1742-4658.2012.08680.x},
	journal = {FEBS J},
	author = {Maes, M. and Loyter, A. and Friedler, A.},
	year = {2012},
	keywords = {Amino Acid Sequence, Anti-HIV Agents/*pharmacology, Combinatorial Chemistry Techniques, Drug Evaluation, Preclinical, HIV Integrase Inhibitors/*pharmacology, HIV Integrase/*metabolism, HIV Reverse Transcriptase/metabolism, Humans, Models, Molecular, Peptide Fragments/pharmacology, Peptide Library, Peptides/*pharmacology, Protein Multimerization/drug effects},
	pages = {2795--809}
}

@article{stone_immersive_2010-1,
	title = {Immersive molecular visualization and interactive modeling with commodity hardware},
	shorttitle = {Immersive molecular visualization and interactive modeling with commodity hardware},
	journal = {Advances in Visual Computing},
	author = {Stone, J. and Kohlmeyer, A. and Vandivort, K. and Schulten, K.},
	year = {2010},
	pages = {382--393}
}

@inproceedings{schulz_visual_2011,
	address = {New York, NY, USA},
	series = {i-{KNOW} '11},
	title = {Visual {Analytics} for {Stochastic} {Simulation} in {Cell} {Biology}},
	isbn = {978-1-4503-0732-1},
	url = {http://doi.acm.org/10.1145/2024288.2024345},
	doi = {10.1145/2024288.2024345},
	urldate = {2015-01-14},
	booktitle = {Proceedings of the 11th {International} {Conference} on {Knowledge} {Management} and {Knowledge} {Technologies}},
	publisher = {ACM},
	author = {Schulz, Hans-Jörg and Uhrmacher, Adelinde M. and Schumann, Heidrun},
	year = {2011},
	keywords = {cell biological models, stochastic event-based simulation, Visual analytics},
	pages = {48:1--48:8}
}

@article{acharya_peptisite:_????,
	title = {{PeptiSite}: {A} structural database of peptide binding sites in 4D},
	issn = {0006-291X},
	shorttitle = {{PeptiSite}},
	url = {http://www.sciencedirect.com/science/article/pii/S0006291X13022031},
	doi = {10.1016/j.bbrc.2013.12.132},
	urldate = {2014-01-20},
	journal = {Biochemical and Biophysical Research Communications},
	author = {Acharya, Chayan and Kufareva, Irina and Ilatovskiy, Andrey V. and Abagyan, Ruben},
	keywords = {Induced-fit, Peptide binding site, PeptiSite, Pocketome, SiteFinder},
}

@article{brunger_crystallography_1998,
	title = {Crystallography \& {NMR} system: {A} new software suite for macromolecular structure determination},
	volume = {54},
	issn = {0907-4449},
	shorttitle = {Crystallography \& {NMR} system},
	language = {eng},
	number = {Pt 5},
	journal = {Acta crystallographica. Section D, Biological crystallography},
	author = {Brünger, A T and Adams, P D and Clore, G M and DeLano, W L and Gros, P and Grosse-Kunstleve, R W and Jiang, J S and Kuszewski, J and Nilges, M and Pannu, N S and Read, R J and Rice, L M and Simonson, T and Warren, G L},
	month = sep,
	year = {1998},
	pmid = {9757107},
	keywords = {Computer Simulation, Crystallography, X-Ray, Likelihood Functions, Magnetic Resonance Spectroscopy, Molecular Structure, Software},
	pages = {905--921}
}

@article{harvey_collaborative_2014-1,
	title = {A collaborative visual analytics suite for protein folding research},
	volume = {53},
	issn = {1093-3263},
	url = {http://www.sciencedirect.com/science/article/pii/S1093326314000990},
	doi = {10.1016/j.jmgm.2014.06.003},
	urldate = {2014-09-01},
	journal = {Journal of Molecular Graphics and Modelling},
	author = {Harvey, William and Park, In-Hee and Rübel, Oliver and Pascucci, Valerio and Bremer, Peer-Timo and Li, Chenglong and Wang, Yusu},
	month = sep,
	year = {2014},
	keywords = {Molecular simulation data, Visualization tool},
	pages = {59--71},
}

@article{christie_camera_2008,
	title = {Camera {Control} in {Computer} {Graphics}},
	volume = {27},
	issn = {01677055, 14678659},
	url = {http://doi.wiley.com/10.1111/j.1467-8659.2008.01181.x},
	doi = {10.1111/j.1467-8659.2008.01181.x},
	number = {8},
	urldate = {2013-09-16},
	journal = {Computer Graphics Forum},
	author = {Christie, Marc and Olivier, Patrick and Normand, Jean-Marie},
	month = dec,
	year = {2008},
	pages = {2197--2218},
}

@article{vaara_new_2009,
	title = {New approaches in peptide antibiotics},
	volume = {9},
	issn = {1471-4973 (Electronic) 1471-4892 (Linking)},
	shorttitle = {New approaches in peptide antibiotics},
	url = {http://www.ncbi.nlm.nih.gov/pubmed/19734091},
	doi = {10.1016/j.coph.2009.08.002},
	journal = {Curr Opin Pharmacol},
	author = {Vaara, M.},
	year = {2009},
	keywords = {Animals, Anti-Bacterial Agents/adverse effects/chemistry/*therapeutic use, Antimicrobial Cationic Peptides/adverse effects/chemistry/genetics/*therapeutic, Bacterial Infections/drug therapy/genetics/microbiology/*therapy, Drug Design, Drug Resistance, Multiple, Bacterial/genetics, Drug Stability, Gene Therapy, Humans, Protein Stability, Treatment Outcome, use},
	pages = {571--6}
}

@article{kastritis_structure-based_2011,
	title = {A structure-based benchmark for protein-protein binding affinity},
	volume = {20},
	issn = {1469-896X (Electronic) 0961-8368 (Linking)},
	shorttitle = {A structure-based benchmark for protein-protein binding affinity},
	url = {http://www.ncbi.nlm.nih.gov/entrez/query.fcgi?cmd=Retrieve&db=PubMed&dopt=Citation&list_uids=21213247},
	doi = {10.1002/pro.580},
	journal = {Protein Sci},
	author = {Kastritis, P. L. and Moal, I. H. and Hwang, H. and Weng, Z. and Bates, P. A. and Bonvin, A. M. and Janin, J.},
	year = {2011},
	keywords = {*Protein Binding, *Protein Conformation, Allosteric Regulation, Colicins/chemistry/metabolism, Crystallography, X-Ray, Ligands, Models, Molecular, Multiprotein Complexes/*chemistry/metabolism, Proteins/*chemistry/metabolism, Thermodynamics},
	pages = {482--91}
}

@article{rodrigues_clustering_2012,
	title = {Clustering biomolecular complexes by residue contacts similarity},
	volume = {80},
	copyright = {Copyright © 2012 Wiley Periodicals, Inc.},
	issn = {1097-0134},
	doi = {10.1002/prot.24078},
	language = {en},
	number = {7},
	urldate = {2015-03-17},
	journal = {Proteins: Structure, Function, and Bioinformatics},
	author = {Rodrigues, João P. G. L. M. and Trellet, Mikaël and Schmitz, Christophe and Kastritis, Panagiotis and Karaca, Ezgi and Melquiond, Adrien S. J. and Bonvin, Alexandre M. J. J.},
	month = jul,
	year = {2012},
	keywords = {biomolecular clustering, fraction of common contacts, Protein Docking},
	pages = {1810--1817},
}

@inproceedings{bowman_travel_1997,
	title = {Travel in immersive virtual environments: {An} evaluation of viewpoint motion control techniques},
	shorttitle = {Travel in immersive virtual environments},
	url = {http://ieeexplore.ieee.org/xpls/abs_all.jsp?arnumber=583043},
	urldate = {2013-09-16},
	booktitle = {Virtual {Reality} {Annual} {International} {Symposium}, 1997., {IEEE} 1997},
	author = {Bowman, Doug A. and Koller, David and Hodges, Larry F.},
	year = {1997},
	pages = {45--52},
}

@inproceedings{stone_immersive_2010-2,
	address = {Berlin, Heidelberg},
	series = {{ISVC}'10},
	title = {Immersive {Molecular} {Visualization} and {Interactive} {Modeling} with {Commodity} {Hardware}},
	isbn = {3-642-17273-3, 978-3-642-17273-1},
	url = {http://dl.acm.org/citation.cfm?id=1940006.1940051},
	urldate = {2014-09-26},
	booktitle = {Proceedings of the 6th {International} {Conference} on {Advances} in {Visual} {Computing} - {Volume} {Part} {II}},
	publisher = {Springer-Verlag},
	author = {Stone, John E. and Kohlmeyer, Axel and Vandivort, Kirby L. and Schulten, Klaus},
	year = {2010},
	pages = {382--393}
}

@article{strynadka_molecular_1996,
	title = {Molecular docking programs successfully predict the binding of a β-lactamase inhibitory protein to {TEM}-1 β-lactamase},
	volume = {3},
	copyright = {© 1996 Nature Publishing Group},
	url = {http://www.nature.com/nsmb/journal/v3/n3/abs/nsb0396-233.html},
	doi = {10.1038/nsb0396-233},
	language = {en},
	number = {3},
	urldate = {2014-01-31},
	journal = {Nature Structural \& Molecular Biology},
	author = {Strynadka, N. C. J. and Eisenstein, M. and Katchalski-Katzir, E. and Shoichet, B. K. and Kuntz, I. D. and Abagyan, R. and Totrov, M. and Janin, J. and Cherfils, J. and Zimmerman, F. and Olson, A. and Duncan, B. and Rao, M. and Jackson, R. and Sternberg, M. and James, M. N. G.},
	month = mar,
	year = {1996},
	pages = {233--239},
}

@book{chastine_collaborative_2005,
	address = {Los Alamitos},
	title = {A collaborative multi-view virtual environment for molecular   visualization and modeling},
	isbn = {0-7695-2396-X},
	language = {English},
	publisher = {Ieee Computer Soc},
	author = {Chastine, J. W. and Zhu, Y. and Brooks, J. C. and Owen, G. S. and Harrison, R. W. and Weber, I. T.},
	editor = {Roberts, J. C.},
	year = {2005},
	keywords = {dynamics}
}

@article{kuhlen_quo_2014,
	title = {Quo {Vadis} {CAVE}: {Does} {Immersive} {Visualization} {Still} {Matter}?},
	volume = {34},
	issn = {0272-1716},
	shorttitle = {Quo {Vadis} {CAVE}},
	doi = {10.1109/MCG.2014.97},
	number = {5},
	journal = {IEEE Computer Graphics and Applications},
	author = {Kuhlen, Torsten Wolfgang and Hentschel, Bernd},
	month = sep,
	year = {2014},
	keywords = {aixCAVE, Brain modeling, Brightness, CAVE, Computer Graphics, Data visualization, Feedback, graphics, immersive visualization, Navigation, scientific visualization, Three-dimensional displays, virtual environments, Virtual Reality, virtual wind tunnel, VisNEST, Visualization, VR},
	pages = {14--21},
}

@article{laviola_jr_discussion_2000,
	title = {A discussion of cybersickness in virtual environments},
	volume = {32},
	number = {1},
	journal = {ACM SIGCHI Bulletin},
	author = {LaViola Jr, Joseph J},
	year = {2000},
	pages = {47--56},
}

@article{arias-hernandez_visual_2011,
	title = {Visual {Analytics} and {Human}-computer {Interaction}},
	volume = {18},
	issn = {1072-5520},
	url = {http://doi.acm.org/10.1145/1897239.1897249},
	doi = {10.1145/1897239.1897249},
	number = {1},
	urldate = {2015-06-01},
	journal = {interactions},
	author = {Arias-Hernández, Richard and Dill, John and Fisher, Brian and Green, Tera Marie},
	month = jan,
	year = {2011},
	pages = {51--55},
}

@article{hastings_structure-based_2012,
	title = {Structure-based classification and ontology in chemistry},
	volume = {4},
	copyright = {2012 Hastings et al; licensee Chemistry Central Ltd.},
	issn = {1758-2946},
	doi = {10.1186/1758-2946-4-8},
	language = {en},
	number = {1},
	urldate = {2015-01-26},
	journal = {Journal of Cheminformatics},
	author = {Hastings, Janna and Magka, Despoina and Batchelor, Colin and Duan, Lian and Stevens, Robert and Ennis, Marcus and Steinbeck, Christoph},
	month = apr,
	year = {2012},
	pmid = {22480202},
	pages = {8},
}

@inproceedings{chen_6dof_2013,
	address = {New York, NY, USA},
	series = {{VRST} '13},
	title = {6DoF navigation in virtual worlds: comparison of joystick-based and head-controlled paradigms},
	isbn = {978-1-4503-2379-6},
	url = {http://doi.acm.org/10.1145/2503713.2503754},
	doi = {10.1145/2503713.2503754},
	booktitle = {Proceedings of the 19th {ACM} {Symposium} on {Virtual} {Reality} {Software} and {Technology}},
	publisher = {ACM},
	author = {Chen, Weiya and Plancoulaine, Anthony and Férey, Nicolas and Touraine, Damien and Nelson, Julien and Bourdot, Patrick},
	year = {2013},
	keywords = {6DoF navigation, cybersickness, presence, virtual environment},
	pages = {111--114},
}

@book{_biovis:_2013,
	title = {Biovis: {IEEE} {Symposium} on {Biological} {Data} {Visualization} 2013 : proceedings : {Atlanta}, {Georgia}, {USA}, 13 - 14 {October} 2013},
	shorttitle = {Biovis},
	url = {http://ieeexplore.ieee.org/servlet/opac?punumber=6648474},
	language = {English},
	urldate = {2014-09-02},
	author = {, Jos B. T. M, Roerdink and , Jessie, Kennedy and {IEEE Computer Society} and {Technical Committee on Visualization and Graphics} and {Institute of Electrical and Electronics Engineers} and {IEEE Conference on Visualization}},
	year = {2013}
}

@inproceedings{czekster_simviz:_2006,
	address = {Berlin, Heidelberg},
	series = {{ICCSA}'06},
	title = {{SimVIZ}: {A} {Desktop} {Virtual} {Environment} for {Visualization} and {Analysis} of {Protein} {Multiple} {Simulation} {Trajectories}},
	isbn = {3-540-34070-X, 978-3-540-34070-6},
	shorttitle = {{SimVIZ}},
	url = {http://dx.doi.org/10.1007/11751540_22},
	doi = {10.1007/11751540_22},
	urldate = {2014-03-25},
	booktitle = {Proceedings of the 6th {International} {Conference} on {Computational} {Science} and {Its} {Applications} - {Volume} {Part} {I}},
	publisher = {Springer-Verlag},
	author = {Czekster, Ricardo M. and de Souza, Osmar Norberto},
	year = {2006},
	pages = {202--211}
}

@article{gelis_structural_2007,
	title = {Structural basis for signal-sequence recognition by the translocase motor {SecA} as determined by {NMR}},
	volume = {131},
	issn = {0092-8674 (Print) 0092-8674 (Linking)},
	shorttitle = {Structural basis for signal-sequence recognition by the translocase motor {SecA} as determined by {NMR}},
	url = {http://www.ncbi.nlm.nih.gov/pubmed/18022369},
	doi = {10.1016/j.cell.2007.09.039},
	journal = {Cell},
	author = {Gelis, I. and Bonvin, A. M. and Keramisanou, D. and Koukaki, M. and Gouridis, G. and Karamanou, S. and Economou, A. and Kalodimos, C. G.},
	year = {2007},
	keywords = {*Protein Sorting Signals, *Protein Structure, Secondary, *Protein Structure, Tertiary, Adenosine Triphosphatases/*chemistry/genetics/*metabolism, Amino Acid Sequence, Bacterial Proteins/*chemistry/genetics/*metabolism, Membrane Transport Proteins/*chemistry/genetics/*metabolism, Models, Molecular, Molecular Sequence Data, Nuclear Magnetic Resonance, Biomolecular, Nucleic Acid Conformation, Peptides/chemistry/metabolism, Protein Binding, Sequence Alignment, Static Electricity},
	pages = {756--69}
}

@techreport{cook_illuminating_2005,
	title = {Illuminating the {Path}: {The} {Research} and {Development} {Agenda} for {Visual} {Analytics}},
	shorttitle = {Illuminating the {Path}},
	url = {http://www.osti.gov/scitech/biblio/912515},
	language = {English},
	number = {PNNL-SA-45230},
	urldate = {2015-06-01},
	institution = {Pacific Northwest National Laboratory (PNNL), Richland, WA (US)},
	author = {Cook, Kristin A. and Thomas, James J.},
	month = may,
	year = {2005},
	keywords = {and information science, Computer Graphics, computing, general and miscellaneous//mathematics, research programs, schedules},
}

@inproceedings{stone_system_2001,
	title = {A system for interactive molecular dynamics simulation},
	isbn = {1581132921},
	shorttitle = {A system for interactive molecular dynamics simulation},
	publisher = {ACM},
	author = {Stone, J.E. and Gullingsrud, J. and Schulten, K.},
	year = {2001},
	pages = {191--194},
}

@article{stigler_soft_1999,
	title = {Soft docking an {L} and a {D} peptide to an anticholera toxin antibody using internal coordinate mechanics},
	volume = {7},
	issn = {0969-2126 (Print) 0969-2126 (Linking)},
	shorttitle = {Soft docking an {L} and a {D} peptide to an anticholera toxin antibody using internal coordinate mechanics},
	url = {http://www.ncbi.nlm.nih.gov/entrez/query.fcgi?cmd=Retrieve&db=PubMed&dopt=Citation&list_uids=10404595},
	journal = {Structure},
	author = {Stigler, R. D. and Hoffmann, B. and Abagyan, R. and Schneider-Mergener, J.},
	year = {1999},
	keywords = {Antibodies, Monoclonal/*immunology, Cholera Toxin/*immunology, Computer Simulation, Crystallography, X-Ray, Epitopes/immunology, Models, Molecular, Peptide Fragments/*immunology, Protein Binding, Protein Conformation},
	pages = {663--70}
}

@article{dreher_exaviz:_2014-1,
	title = {Exaviz: {A} {Flexible} {Framework} to {Analyse}, {Steer} and {Interact} with {Molecular} {Dynamics} {Simulations}},
	issn = {1364-5498},
	shorttitle = {{FD}169},
	url = {http://pubs.rsc.org/en/content/articlelanding/2014/fd/c3fd00142c},
	doi = {10.1039/C3FD00142C},
	language = {en},
	urldate = {2014-03-19},
	journal = {Faraday Discussions},
	author = {Dreher, Matthieu and Prevoteau-Jonquet, Jessica and Trellet, Mikael and Piuzzi, Marc and Baaden, Marc and Raffin, Bruno and Férey, Nicolas and Robert, Sophie and Limet, Sébastien},
	month = feb,
	year = {2014},
}

@article{london_peptide_2013,
	title = {Peptide docking and structure-based characterization of peptide binding: from knowledge to know-how},
	volume = {23},
	issn = {0959-440X},
	shorttitle = {Peptide docking and structure-based characterization of peptide binding},
	url = {http://www.sciencedirect.com/science/article/pii/S0959440X13001279},
	doi = {10.1016/j.sbi.2013.07.006},
	number = {6},
	urldate = {2014-01-10},
	journal = {Current Opinion in Structural Biology},
	author = {London, Nir and Raveh, Barak and Schueler-Furman, Ora},
	month = dec,
	year = {2013},
	pages = {894--902},
}

@article{li_paflexpepdock:_2014-1,
	title = {{PaFlexPepDock}: {Parallel} {Ab}-{Initio} {Docking} of {Peptides} onto {Their} {Receptors} with {Full} {Flexibility} {Based} on {Rosetta}},
	volume = {9},
	shorttitle = {{PaFlexPepDock}},
	url = {http://dx.doi.org/10.1371/journal.pone.0094769},
	doi = {10.1371/journal.pone.0094769},
	number = {5},
	urldate = {2014-05-13},
	journal = {PLoS ONE},
	author = {Li, Haiou and Lu, Liyao and Chen, Rong and Quan, Lijun and Xia, Xiaoyan and Lü, Qiang},
	month = may,
	year = {2014},
	pages = {e94769},
}

@article{van_dam_immersive_2000,
	title = {Immersive {VR} for scientific visualization: {A} progress report},
	volume = {20},
	shorttitle = {Immersive {VR} for scientific visualization},
	url = {http://ieeexplore.ieee.org/xpls/abs_all.jsp?arnumber=888006},
	number = {6},
	urldate = {2013-09-16},
	journal = {Computer Graphics and Applications, IEEE},
	author = {Van Dam, Andries and Forsberg, Andrew S. and Laidlaw, David H. and LaViola Jr, Joseph J. and Simpson, Rosemary M.},
	year = {2000},
	pages = {26--52},
}

@article{svensen_peptides_2012,
	title = {Peptides for cell-selective drug delivery},
	volume = {33},
	issn = {1873-3735 (Electronic) 0165-6147 (Linking)},
	shorttitle = {Peptides for cell-selective drug delivery},
	url = {http://www.ncbi.nlm.nih.gov/pubmed/22424670},
	doi = {10.1016/j.tips.2012.02.002},
	journal = {Trends Pharmacol Sci},
	author = {Svensen, N. and Walton, J. G. and Bradley, M.},
	year = {2012},
	keywords = {Animals, Cell-Penetrating Peptides/*administration \& dosage, Drug Delivery Systems/*methods, Humans, Oligopeptides/*administration \& dosage},
	pages = {186--92}
}

@article{wilson_best_2014,
	title = {Best {Practices} for {Scientific} {Computing}},
	volume = {12},
	url = {http://dx.doi.org/10.1371/journal.pbio.1001745},
	doi = {10.1371/journal.pbio.1001745},
	number = {1},
	urldate = {2014-03-07},
	journal = {PLoS Biol},
	author = {Wilson, Greg and Aruliah, D. A. and Brown, C. Titus and Chue Hong, Neil P. and Davis, Matt and Guy, Richard T. and Haddock, Steven H. D. and Huff, Kathryn D. and Mitchell, Ian M. and Plumbley, Mark D. and Waugh, Ben and White, Ethan P. and Wilson, Paul},
	month = jan,
	year = {2014},
	pages = {e1001745},
}

@inproceedings{laviola_hands-free_2001,
	address = {New York, NY, USA},
	series = {I3D '01},
	title = {Hands-free {Multi}-scale {Navigation} in {Virtual} {Environments}},
	isbn = {1-58113-292-1},
	url = {http://doi.acm.org/10.1145/364338.364339},
	doi = {10.1145/364338.364339},
	urldate = {2014-09-23},
	booktitle = {Proceedings of the 2001 {Symposium} on {Interactive} 3D {Graphics}},
	publisher = {ACM},
	author = {LaViola, Jr., Joseph J. and Feliz, Daniel Acevedo and Keefe, Daniel F. and Zeleznik, Robert C.},
	year = {2001},
	keywords = {auto rotation, gestural interaction, navigation techniques, Virtual Reality},
	pages = {9--15},
}

@article{de_vries_haddock_2007,
	title = {{HADDOCK} versus {HADDOCK}: new features and performance of {HADDOCK}2.0 on the {CAPRI} targets},
	volume = {69},
	issn = {1097-0134 (Electronic) 0887-3585 (Linking)},
	shorttitle = {{HADDOCK} versus {HADDOCK}: new features and performance of {HADDOCK}2.0 on the {CAPRI} targets},
	url = {http://www.ncbi.nlm.nih.gov/entrez/query.fcgi?cmd=Retrieve&db=PubMed&dopt=Citation&list_uids=17803234},
	doi = {10.1002/prot.21723},
	journal = {Proteins},
	author = {de Vries, S. J. and van Dijk, A. D. and Krzeminski, M. and van Dijk, M. and Thureau, A. and Hsu, V. and Wassenaar, T. and Bonvin, A. M.},
	year = {2007},
	keywords = {*Computer Simulation, *Protein Interaction Mapping, *Software, Algorithms, Automation, Computational Biology/*methods, Crystallography, X-Ray/methods, Databases, Protein, Genomics, Models, Statistical, Protein Binding, Protein Conformation, Proteins/*chemistry, Proteomics/*methods},
	pages = {726--33}
}

@article{zhou_how_1998,
	title = {How and why phosphotyrosine-containing peptides bind to the {SH}2 and {PTB} domains},
	volume = {3},
	issn = {1359-0278 (Print) 1359-0278 (Linking)},
	shorttitle = {How and why phosphotyrosine-containing peptides bind to the {SH}2 and {PTB} domains},
	url = {http://www.ncbi.nlm.nih.gov/entrez/query.fcgi?cmd=Retrieve&db=PubMed&dopt=Citation&list_uids=9889165},
	journal = {Fold Des},
	author = {Zhou, Y. and Abagyan, R.},
	year = {1998},
	keywords = {*src Homology Domains, Animals, Binding Sites, Humans, Models, Molecular, Phosphotyrosine/*chemistry, Protein Binding, Protein Conformation},
	pages = {513--22}
}

@misc{_efficient_2012,
	title = {Efficient {Dynamic} {Derived} {Field} {Generation} on {Many}-{Core} {Architectures} {Using} {Python}},
	url = {http://hgpu.org/?p=8481&utm_source=feedburner&utm_medium=feed&utm_campaign=Feed%3A+hgpuorg+%28High+performance+computing+on+Graphics+Processing+Units%29},
	language = {en-US},
	urldate = {2012-11-26},
	month = nov,
	year = {2012},
	keywords = {Computer science, nVidia, OpenCL, paper, Python, Tesla M2050, Visualization},
}

@book{keim2010mastering,
  title={Mastering the information age-solving problems with visual analytics},
  author={Keim, Daniel A and Kohlhammer, J{\"o}rn and Ellis, Geoffrey and Mansmann, Florian},
  year={2010},
  publisher={Florian Mansmann}
}

@book{chein2008graph,
  title={Graph-based knowledge representation: computational foundations of conceptual graphs},
  author={Chein, Michel and Mugnier, Marie-Laure},
  year={2008},
  publisher={Springer Science \& Business Media}
}

@book{card1999readings,
  title={Readings in information visualization: using vision to think},
  author={Card, Stuart K and Mackinlay, Jock D and Shneiderman, Ben},
  year={1999},
  publisher={Morgan Kaufmann}
}

@article{cockburn2008review,
  title={A review of overview+ detail, zooming, and focus+ context interfaces},
  author={Cockburn, Andy and Karlson, Amy and Bederson, Benjamin B},
  journal={ACM Computing Surveys (CSUR)},
  volume={41},
  number={1},
  pages={2},
  year={2008},
  publisher={ACM}
}

@article{sun2013survey,
  title={A survey of visual analytics techniques and applications: State-of-the-art research and future challenges},
  author={Sun, Guo-Dao and Wu, Ying-Cai and Liang, Rong-Hua and Liu, Shi-Xia},
  journal={Journal of Computer Science and Technology},
  volume={28},
  number={5},
  pages={852--867},
  year={2013},
  publisher={Springer}
}

@phdthesis{gandon_graphes_2008,
	type = {{HDR}},
	title = {Graphes {RDF} et leur {Manipulation} pour la {Gestion} de {Connaissances}.},
	url = {http://www-sop.inria.fr/edelweiss/people/Fabien.Gandon/wakka.php?wiki=HDR},
	language = {FR},
	school = {INRIA},
	author = {Gandon, Fabien},
	year = {2008}
}

@misc{aa_owl,
  author = {Drummond, Nick and Moulton, Georgina and Stevens, Robert, and Lord, Phil},
  title = {{Amino Acid Ontology}},
  howpublished = "\url{http://bioportal.bioontology.org/ontologies/AMINO-ACID}",
  year = {2010}, 
  note = "[Online; accessed 09-June-2015]"
}


@article{barbora_kozlikova_visualization_2015,
	title = {Visualization of {Biomolecular} {Structures}: {State} of the {Art}},
	shorttitle = {Visualization of {Biomolecular} {Structures}},
	doi = {10.2312/eurovisstar.20151112},
	author = {Barbora Kozlikova, Michael Krone},
	year = {2015}
}

@article{rysavy_dive:_2014,
	title = {{DIVE}: {A} {Graph}-{Based} {Visual}-{Analytics} {Framework} for {Big} {Data}},
	volume = {34},
	issn = {0272-1716},
	shorttitle = {{DIVE}},
	doi = {10.1109/MCG.2014.27},
	journal = {IEEE Computer Graphics and Applications},
	author = {Rysavy, S.J. and Bromley, D. and Daggett, V.},
	month = mar,
	year = {2014},
	pages = {26--37}
}

@article{schuurman_ontologies_2008,
	title = {Ontologies for {Bioinformatics}},
	volume = {2},
	issn = {1177-9322},
	url = {http://www.ncbi.nlm.nih.gov/pmc/articles/PMC2735951/},
	urldate = {2015-06-22},
	journal = {Bioinformatics and Biology Insights},
	author = {Schuurman, Nadine and Leszczynski, Agnieszka},
	month = mar,
	year = {2008},
	pmid = {19812775},
	pmcid = {PMC2735951},
	pages = {187--200}
}

@article{boguski_biomedical_2003,
	title = {Biomedical informatics for proteomics},
	volume = {422},
	copyright = {© 2003 Nature Publishing Group},
	issn = {0028-0836},
	url = {http://www.nature.com/nature/journal/v422/n6928/full/nature01515.html},
	doi = {10.1038/nature01515},
	language = {en},
	number = {6928},
	urldate = {2015-06-22},
	journal = {Nature},
	author = {Boguski, Mark S. and McIntosh, Martin W.},
	month = mar,
	year = {2003},
	pages = {233--237}
}

@article{bromley_dive:_2014,
	title = {{DIVE}: a data intensive visualization engine},
	volume = {30},
	issn = {1367-4803, 1460-2059},
	shorttitle = {{DIVE}},
	url = {http://bioinformatics.oxfordjournals.org/content/30/4/593},
	doi = {10.1093/bioinformatics/btt721},
	language = {en},
	number = {4},
	urldate = {2015-06-22},
	journal = {Bioinformatics},
	author = {Bromley, Dennis and Rysavy, Steven J. and Su, Robert and Toofanny, Rudesh D. and Schmidlin, Tom and Daggett, Valerie},
	month = feb,
	year = {2014},
	pmid = {24336804},
	pages = {593--595}
}

@incollection{kelso_ontologies_2010,
	title = {Ontologies in {Biology}},
	copyright = {©2010 Springer Netherlands},
	isbn = {978-90-481-8846-8, 978-90-481-8847-5},
	url = {http://link.springer.com/chapter/10.1007/978-90-481-8847-5_15},
	language = {en},
	urldate = {2015-06-22},
	booktitle = {Theory and {Applications} of {Ontology}: {Computer} {Applications}},
	publisher = {Springer Netherlands},
	author = {Kelso, Janet and Hoehndorf, Robert and Prüfer, Kay},
	editor = {Poli, Roberto and Healy, Michael and Kameas, Achilles},
	year = {2010},
	keywords = {Information Systems Applications (incl.Internet), ontology},
	pages = {347--371}
}

@article{bard_ontologies_2004,
	title = {Ontologies in biology: design, applications and future challenges},
	volume = {5},
	copyright = {© 2004 Nature Publishing Group},
	issn = {1471-0056},
	shorttitle = {Ontologies in biology},
	url = {http://www.nature.com/nrg/journal/v5/n3/abs/nrg1295.html},
	doi = {10.1038/nrg1295},
	language = {en},
	number = {3},
	urldate = {2015-06-22},
	journal = {Nature Reviews Genetics},
	author = {Bard, Jonathan B. L. and Rhee, Seung Y.},
	month = mar,
	year = {2004},
	pages = {213--222}
}


@article{ashburner_gene_2000,
	title = {Gene {Ontology}: tool for the unification of biology},
	volume = {25},
	copyright = {© 2000 Nature Publishing Group},
	issn = {1061-4036},
	shorttitle = {Gene {Ontology}},
	url = {http://www.nature.com/ng/journal/v25/n1/abs/ng0500_25.html},
	doi = {10.1038/75556},
	language = {en},
	number = {1},
	urldate = {2015-06-22},
	journal = {Nature Genetics},
	author = {Ashburner, Michael and Ball, Catherine A. and Blake, Judith A. and Botstein, David and Butler, Heather and Cherry, J. Michael and Davis, Allan P. and Dolinski, Kara and Dwight, Selina S. and Eppig, Janan T. and Harris, Midori A. and Hill, David P. and Issel-Tarver, Laurie and Kasarskis, Andrew and Lewis, Suzanna and Matese, John C. and Richardson, Joel E. and Ringwald, Martin and Rubin, Gerald M. and Sherlock, Gavin},
	month = may,
	year = {2000},
	pages = {25--29}
}


@article{yoshikawa_drug_2004,
	title = {Drug interaction ontology ({DIO}) for inferences of possible drug-drug interactions},
	volume = {107},
	issn = {0926-9630},
	language = {eng},
	number = {Pt 1},
	journal = {Studies in Health Technology and Informatics},
	author = {Yoshikawa, Sumi and Satou, Kenji and Konagaya, Akihiko},
	year = {2004},
	pmid = {15360854},
	keywords = {Arabinofuranosyluracil, Artificial Intelligence, Computational Biology, Dihydrouracil Dehydrogenase (NADP), Drug Interactions, Fluorouracil, Humans, Vocabulary, Controlled},
	pages = {454--458}
}

@article{schulze-kremer_ontologies_2002,
	title = {Ontologies for molecular biology and bioinformatics.},
	volume = {2},
	number = {3},
	journal = {In silico biology},
	author = {Schulze-Kremer, Steffen},
	year = {2002},
	pages = {179--193}
}


@inproceedings{stenzhorn_biotop_2008,
	title = {{BioTop} and {ChemTop}-{Top}-{Domain} {Ontologies} for {Biology} and {Chemistry}.},
	booktitle = {International {Semantic} {Web} {Conference} ({Posters} \& {Demos})},
	publisher = {Citeseer},
	author = {Stenzhorn, Holger and Schulz, Stefan and Bei{\textbackslash}s swanger, Elena and Hahn, Udo and Van Den Hoek, László and van Mulligen, Erik M and {others}},
	year = {2008}
}


@article{smith_obo_2007,
	title = {The {OBO} {Foundry}: coordinated evolution of ontologies to support biomedical data integration},
	volume = {25},
	copyright = {© 2007 Nature Publishing Group},
	issn = {1087-0156},
	shorttitle = {The {OBO} {Foundry}},
	url = {http://www.nature.com/nbt/journal/v25/n11/full/nbt1346.html},
	doi = {10.1038/nbt1346},
	language = {en},
	number = {11},
	urldate = {2015-06-23},
	journal = {Nature Biotechnology},
	author = {Smith, Barry and Ashburner, Michael and Rosse, Cornelius and Bard, Jonathan and Bug, William and Ceusters, Werner and Goldberg, Louis J. and Eilbeck, Karen and Ireland, Amelia and Mungall, Christopher J. and Leontis, Neocles and Rocca-Serra, Philippe and Ruttenberg, Alan and Sansone, Susanna-Assunta and Scheuermann, Richard H. and Shah, Nigam and Whetzel, Patricia L. and Lewis, Suzanna},
	month = nov,
	year = {2007},
	pages = {1251--1255}
}


@article{baker_ontology_1999,
	title = {An ontology for bioinformatics applications.},
	volume = {15},
	issn = {1367-4803, 1460-2059},
	url = {http://bioinformatics.oxfordjournals.org/content/15/6/510},
	doi = {10.1093/bioinformatics/15.6.510},
	language = {en},
	number = {6},
	urldate = {2015-06-24},
	journal = {Bioinformatics},
	author = {Baker, P. G. and Goble, C. A. and Bechhofer, S. and Paton, N. W. and Stevens, R. and Brass, A.},
	month = jun,
	year = {1999},
	pmid = {10383475},
	pages = {510--520}
}

@inproceedings{barzdins2010owlgred,
  title={OWLGrEd: a UML Style Graphical Notation and Editor for OWL 2.},
  author={Barzdins, Janis and Barzdins, Guntis and Cerans, Karlis and Liepins, Renars and Sprogis, Arturs},
  booktitle={OWLED},
  year={2010}
}


@article{zhou_atomic_2011,
	title = {Atomic resolution cryo electron microscopy of macromolecular complexes},
	volume = {82},
	issn = {1876-1631},
	doi = {10.1016/B978-0-12-386507-6.00001-4},
	journal = {Advances in Protein Chemistry and Structural Biology},
	author = {Zhou, Z. Hong},
	year = {2011},
	pmid = {21501817},
	pmcid = {PMC3698602},
	keywords = {Computer Simulation, Cryoelectron Microscopy, Humans, Image Processing, Computer-Assisted, Macromolecular Substances, Viruses},
	pages = {1--35}
}

@article{herraez2006biomolecules,
  title={Biomolecules in the computer: Jmol to the rescue},
  author={Herraez, Angel},
  journal={Biochemistry and Molecular Biology Education},
  volume={34},
  number={4},
  pages={255--261},
  year={2006},
  publisher={Wiley Online Library}
}

@article{boeckmann2003swiss,
  title={The SWISS-PROT protein knowledgebase and its supplement TrEMBL in 2003},
  author={Boeckmann, Brigitte and Bairoch, Amos and Apweiler, Rolf and Blatter, Marie-Claude and Estreicher, Anne and Gasteiger, Elisabeth and Martin, Maria J and Michoud, Karine and O'Donovan, Claire and Phan, Isabelle and others},
  journal={Nucleic acids research},
  volume={31},
  number={1},
  pages={365--370},
  year={2003},
  publisher={Oxford Univ Press}
}

@article{Snel15092000,
  author = {Snel, B. and Lehmann, G. and Bork, P. and Huynen, M. A.}, 
  title = {STRING: a web-server to retrieve and display the repeatedly occurring neighbourhood of a gene},
  volume = {28}, 
  number = {18}, 
  pages = {3442-3444}, 
  year = {2000}, 
  doi = {10.1093/nar/28.18.3442}, 
  URL = {http://nar.oxfordjournals.org/content/28/18/3442.abstract}, 
  eprint = {http://nar.oxfordjournals.org/content/28/18/3442.full.pdf+html}, 
  journal = {Nucleic Acids Research} 
}

@article{kent2002human,
  title={The human genome browser at UCSC},
  author={Kent, W James and Sugnet, Charles W and Furey, Terrence S and Roskin, Krishna M and Pringle, Tom H and Zahler, Alan M and Haussler, David},
  journal={Genome research},
  volume={12},
  number={6},
  pages={996--1006},
  year={2002},
  publisher={Cold Spring Harbor Lab}
}

@article{hubbard2002ensembl,
  title={The Ensembl genome database project},
  author={Hubbard, T and Barker, Daniel and Birney, Ewan and Cameron, Graham and Chen, Yuan and Clark, L and Cox, Tony and Cuff, J and Curwen, Val and Down, Thomas and others},
  journal={Nucleic acids research},
  volume={30},
  number={1},
  pages={38--41},
  year={2002},
  publisher={Oxford Univ Press}
}

@article{pearlman1995amber,
  title={AMBER, a package of computer programs for applying molecular mechanics, normal mode analysis, molecular dynamics and free energy calculations to simulate the structural and energetic properties of molecules},
  author={Pearlman, David A and Case, David A and Caldwell, James W and Ross, Wilson S and Cheatham, Thomas E and DeBolt, Steve and Ferguson, David and Seibel, George and Kollman, Peter},
  journal={Computer Physics Communications},
  volume={91},
  number={1},
  pages={1--41},
  year={1995},
  publisher={Elsevier}
}

@article{brooks2009charmm,
  title={CHARMM: the biomolecular simulation program},
  author={Brooks, Bernard R and Brooks, Charles L and MacKerell, Alexander D and Nilsson, Lennart and Petrella, Robert J and Roux, Beno{\^\i}t and Won, Youngdo and Archontis, Georgios and Bartels, Christian and Boresch, Stefan and others},
  journal={Journal of computational chemistry},
  volume={30},
  number={10},
  pages={1545--1614},
  year={2009},
  publisher={Wiley Online Library}
}

@article{pronk2013gromacs,
  title={GROMACS 4.5: a high-throughput and highly parallel open source molecular simulation toolkit},
  author={Pronk, Sander and P{\'a}ll, Szil{\'a}rd and Schulz, Roland and Larsson, Per and Bjelkmar, P{\"a}r and Apostolov, Rossen and Shirts, Michael R and Smith, Jeremy C and Kasson, Peter M and van der Spoel, David and others},
  journal={Bioinformatics},
  pages={btt055},
  year={2013},
  publisher={Oxford Univ Press}
}

@article{cock_biopython:_2009,
	title = {Biopython: freely available {Python} tools for computational molecular biology and},
	volume = {25},
	issn = {1367-4803, 1460-2059},
	shorttitle = {Biopython},
	doi = {10.1093/bioinformatics/btp163},
	language = {en},
	number = {11},
	urldate = {2015-08-24},
	journal = {Bioinformatics},
	author = {Cock, Peter J. A. and Antao, Tiago and Chang, Jeffrey T. and Chapman, Brad A. and Cox, Cymon J. and Dalke, Andrew and Friedberg, Iddo and Hamelryck, Thomas and Kauff, Frank and Wilczynski, Bartek and Hoon, Michiel J. L. de},
	month = jun,
	year = {2009},
	pmid = {19304878},
	pages = {1422--1423}
}


@article{michaud-agrawal_mdanalysis:_2011,
	title = {{MDAnalysis}: {A} toolkit for the analysis of molecular dynamics simulations},
	volume = {32},
	copyright = {Copyright © 2011 Wiley Periodicals, Inc.},
	issn = {1096-987X},
	shorttitle = {{MDAnalysis}},
	doi = {10.1002/jcc.21787},
	language = {en},
	number = {10},
	urldate = {2015-08-24},
	journal = {Journal of Computational Chemistry},
	author = {Michaud-Agrawal, Naveen and Denning, Elizabeth J. and Woolf, Thomas B. and Beckstein, Oliver},
	month = jul,
	year = {2011},
	keywords = {analysis, membrane systems, molecular dynamics simulations, object-oriented design, Proteins, Python programming language, Software},
	pages = {2319--2327}
}

@article{McGibbon2014MDTraj,
    author = {McGibbon, Robert T. and Beauchamp, Kyle A. and Schwantes, Christian R. and Wang, Lee-Ping and Hern{\'a}ndez, Carlos X. and Harrigan, Matthew P. and Lane, Thomas J. and Swails, Jason M. and Pande, Vijay S.},
    title = {MDTraj: a modern, open library for the analysis of molecular dynamics trajectories},
    year = {2014},
    doi = {10.1101/008896},
    publisher = {Cold Spring Harbor Labs Journals},
    journal = {bioRxiv}
}

@book{sherman2002understanding,
  title={Understanding virtual reality: Interface, application, and design},
  author={Sherman, William R and Craig, Alan B},
  year={2002},
  publisher={Elsevier}
}

@article{brooks1999s,
  title={What's real about virtual reality?},
  author={Brooks Jr, Frederick P},
  journal={Computer Graphics and Applications, IEEE},
  volume={19},
  number={6},
  pages={16--27},
  year={1999},
  publisher={IEEE}
}

@article{burdea2003virtual,
  title={Virtual reality technology},
  author={Burdea, Grigore and Coiffet, Philippe},
  journal={Presence: Teleoperators and virtual environments},
  volume={12},
  number={6},
  pages={663--664},
  year={2003},
  publisher={MIT Press}
}

@book{heim1998virtual,
  title={Virtual realism},
  author={Heim, Michael},
  year={1998},
  publisher={Oxford University Press}
}

@inproceedings{sun2010haptic,
  title={A haptic-based approach for cable design and routing in industrial complex products},
  author={Sun, Gang and Xia, Ping Jun and Li, Yuan and Yi, Wang Min and Huang, Lei},
  booktitle={Advanced Materials Research},
  volume={139},
  pages={1356--1360},
  year={2010},
  organization={Trans Tech Publ}
}

@article{kusumoto_application_2006,
	title = {Application of virtual reality force feedback haptic device for oral implant surgery},
	volume = {17},
	issn = {1600-0501},
	url = {http://onlinelibrary.wiley.com/doi/10.1111/j.1600-0501.2006.01218.x/abstract},
	doi = {10.1111/j.1600-0501.2006.01218.x},
	language = {en},
	number = {6},
	urldate = {2015-08-24},
	journal = {Clinical Oral Implants Research},
	author = {Kusumoto, Naoki and Sohmura, Taiji and Yamada, Shinichi and Wakabayashi, Kazumichi and Nakamura, Takashi and Yatani, Hirofumi},
	month = dec,
	year = {2006},
	keywords = {computer, CT image, force feedback haptic device, oral implant, surgical simulation, surgical template, Virtual Reality},
	pages = {708--713}
}


@article{odonoghue_visualization_2010,
	title = {Visualization of macromolecular structures},
	volume = {7},
	copyright = {© 2010 Nature Publishing Group},
	issn = {1548-7091},
	url = {http://www.nature.com/nmeth/journal/v7/n3s/full/nmeth.1427.html},
	doi = {10.1038/nmeth.1427},
	language = {en},
	urldate = {2015-08-24},
	journal = {Nature Methods},
	author = {O'Donoghue, Seán I. and Goodsell, David S. and Frangakis, Achilleas S. and Jossinet, Fabrice and Laskowski, Roman A. and Nilges, Michael and Saibil, Helen R. and Schafferhans, Andrea and Wade, Rebecca C. and Westhof, Eric and Olson, Arthur J.},
	month = mar,
	year = {2010},
	pages = {S42--S55}
}

@article{krieger2014yasara,
  title={YASARA View—molecular graphics for all devices—from smartphones to workstations},
  author={Krieger, Elmar and Vriend, Gert},
  journal={Bioinformatics},
  volume={30},
  number={20},
  pages={2981--2982},
  year={2014},
  publisher={Oxford Univ Press}
}

@article{bolopion_comparing_2010,
	title = {Comparing position and force control for interactive molecular simulators with haptic feedback},
	volume = {29},
	issn = {1093-3263},
	url = {http://www.sciencedirect.com/science/article/pii/S1093326310000835},
	doi = {10.1016/j.jmgm.2010.06.003},
	number = {2},
	urldate = {2015-08-25},
	journal = {Journal of Molecular Graphics and Modelling},
	author = {Bolopion, Aude and Cagneau, Barthélemy and Redon, Stephane and Régnier, Stéphane},
	month = sep,
	year = {2010},
	keywords = {Force feedback, Haptic coupling, Molecular simulation, Stability, Transparency},
	pages = {280--289},
}


@article{chavent_gpu-powered_2011,
	title = {{GPU}-powered tools boost molecular visualization},
	volume = {12},
	issn = {1467-5463, 1477-4054},
	url = {http://bib.oxfordjournals.org/content/12/6/689},
	doi = {10.1093/bib/bbq089},
	language = {en},
	number = {6},
	urldate = {2015-08-25},
	journal = {Briefings in Bioinformatics},
	author = {Chavent, Matthieu and Lévy, Bruno and Krone, Michael and Bidmon, Katrin and Nominé, Jean-Philippe and Ertl, Thomas and Baaden, Marc},
	month = nov,
	year = {2011},
	pmid = {21310717},
	keywords = {binding site highlighting, GPU visualization, huge systems visualization, molecular representations, molecular shape enhancement},
	pages = {689--701},
}


@phdthesis{bourdot_patrick_reconstruction_2002,
	address = {LIMSI-CNRS},
	title = {Reconstruction et interaction 3D : contribution à la réalité virtuelle et augmentée},
	school = {Université Paris-Sud (XI)},
	author = {{Bourdot, Patrick}},
	year = {2002}
}

@book{fuchs2006traite,
  title={Le trait{\'e} de la r{\'e}alit{\'e} virtuelle},
  author={Fuchs, Philippe and Moreau, Guillaume},
  volume={2},
  year={2006},
  publisher={Presses des MINES}
}

@inproceedings{martin_hardware_2014,
	title = {A hardware and software architecture to deal with multimodal and collaborative interactions in multiuser virtual reality environments},
	volume = {9012},
	url = {http://dx.doi.org/10.1117/12.2042499},
	doi = {10.1117/12.2042499},
	urldate = {2015-08-26},
	author = {Martin, P. and Tseu, A. and Férey, N. and Touraine, D. and Bourdot, P.},
	year = {2014},
	pages = {901209--901209--16}
}

@inproceedings{martin_reconfigurable_2011,
	title = {A reconfigurable architecture for multimodal and collaborative interactions in {Virtual} {Environments}},
	doi = {10.1109/3DUI.2011.5759210},
	booktitle = {2011 {IEEE} {Symposium} on 3D {User} {Interfaces} (3DUI)},
	author = {Martin, P. and Bourdot, P. and Touraine, D.},
	month = mar,
	year = {2011},
	keywords = {C++, C++ language, cognitive oriented assembly task, collaboration, collaborative interactions, configuration management, Corporate acquisitions, groupware, Haptic interfaces, industrial assembly, multimodal interactions, multiuser environment, reconfigurable architecture, reconfigurable architectures, sensorimotor channels, Speech recognition, USA Councils, Virtual environment, virtual environments, Virtual Reality, VR devices, XML, XML-based configuration system},
	pages = {11--14},
}


@incollection{tan_use_2013,
	title = {Use of {Virtual}-{Reality} in {Teaching} and {Learning} {Molecular} {Biology}},
	copyright = {©2013 Springer Science+Business Media Singapore},
	isbn = {978-981-4021-89-0 978-981-4021-90-6},
	url = {http://link.springer.com/chapter/10.1007/978-981-4021-90-6_2},
	language = {en},
	urldate = {2015-08-27},
	booktitle = {3D {Immersive} and {Interactive} {Learning}},
	publisher = {Springer Singapore},
	author = {Tan, Sandra and Waugh, Russell},
	editor = {Cai, Yiyu},
	year = {2013},
	keywords = {Educational Technology, Molecular biology, Signal, Image and Speech Processing, User Interfaces and Human Computer Interaction, Virtual-reality, Visualization, Visual learning},
	pages = {17--43},
}


@incollection{salvadori_moka:_2014,
	series = {Lecture {Notes} in {Computer} {Science}},
	title = {Moka: {Designing} a {Simple} {Scene} {Graph} {Library} for {Cluster}-{Based} {Virtual} {Reality} {Systems}},
	copyright = {©2014 Springer International Publishing Switzerland},
	isbn = {978-3-319-13968-5 978-3-319-13969-2},
	shorttitle = {Moka},
	url = {http://link.springer.com/chapter/10.1007/978-3-319-13969-2_25},
	language = {en},
	number = {8853},
	urldate = {2015-08-27},
	booktitle = {Augmented and {Virtual} {Reality}},
	publisher = {Springer International Publishing},
	author = {Salvadori, Andrea and Brogni, Andrea and Mancini, Giordano and Barone, Vincenzo},
	editor = {Paolis, Lucio Tommaso De and Mongelli, Antonio},
	month = sep,
	year = {2014},
	keywords = {Cluster-based rendering, Computer Applications, Computer Imaging, Vision, Pattern Recognition and Graphics, Computers and Education, Molecular visualization, Simulation and Modeling, User Interfaces and Human Computer Interaction, Virtual Reality},
	pages = {333--350},
}

@inproceedings{taylor2001vrpn,
  title={VRPN: a device-independent, network-transparent VR peripheral system},
  author={Taylor II, Russell M and Hudson, Thomas C and Seeger, Adam and Weber, Hans and Juliano, Jeffrey and Helser, Aron T},
  booktitle={Proceedings of the ACM symposium on Virtual reality software and technology},
  pages={55--61},
  year={2001},
  organization={ACM}
}

@inproceedings{pape2004commodity,
  title={Commodity-based projection VR},
  author={Pape, Dave and Anstey, Josephine and Sherman, Bill},
  booktitle={ACM SIGGRAPH 2004 Course Notes},
  pages={19},
  year={2004},
  organization={ACM}
}


@article{cruz-neira_cave:_1992,
	title = {The {CAVE}: {Audio} {Visual} {Experience} {Automatic} {Virtual} {Environment}},
	volume = {35},
	issn = {0001-0782},
	shorttitle = {The {CAVE}},
	url = {http://doi.acm.org/10.1145/129888.129892},
	doi = {10.1145/129888.129892},
	number = {6},
	urldate = {2015-08-27},
	journal = {Commun. ACM},
	author = {Cruz-Neira, Carolina and Sandin, Daniel J. and DeFanti, Thomas A. and Kenyon, Robert V. and Hart, John C.},
	month = jun,
	year = {1992},
	pages = {64--72}
}


@article{chen_king_2009,
	title = {{KING} ({Kinemage}, {Next} {Generation}): {A} versatile interactive molecular and scientific visualization program},
	volume = {18},
	copyright = {Copyright © 2009 The Protein Society},
	issn = {1469-896X},
	shorttitle = {{KING} ({Kinemage}, {Next} {Generation})},
	url = {http://onlinelibrary.wiley.com/doi/10.1002/pro.250/abstract},
	doi = {10.1002/pro.250},
	language = {en},
	number = {11},
	urldate = {2015-08-27},
	journal = {Protein Science},
	author = {Chen, Vincent B. and Davis, Ian W. and Richardson, David C.},
	month = nov,
	year = {2009},
	keywords = {all-atom contact dots, backrub motion, interactive molecular graphics, Java, kinemage graphics, Mage, Molikin},
	pages = {2403--2409},
}


@article{shannon_cytoscape:_2003,
	title = {Cytoscape: {A} {Software} {Environment} for {Integrated} {Models} of {Biomolecular} {Interaction} {Networks}},
	volume = {13},
	issn = {1088-9051, 1549-5469},
	shorttitle = {Cytoscape},
	url = {http://genome.cshlp.org/content/13/11/2498},
	doi = {10.1101/gr.1239303},
	language = {en},
	number = {11},
	urldate = {2015-08-28},
	journal = {Genome Research},
	author = {Shannon, Paul and Markiel, Andrew and Ozier, Owen and Baliga, Nitin S. and Wang, Jonathan T. and Ramage, Daniel and Amin, Nada and Schwikowski, Benno and Ideker, Trey},
	month = nov,
	year = {2003},
	pmid = {14597658},
	pages = {2498--2504}
}


@article{doncheva_topological_2012,
	title = {Topological analysis and interactive visualization of biological networks and protein structures},
	volume = {7},
	copyright = {© 2012 Nature Publishing Group, a division of Macmillan Publishers Limited. All Rights Reserved.},
	issn = {1754-2189},
	url = {http://www.nature.com/nprot/journal/v7/n4/abs/nprot.2012.004.html},
	doi = {10.1038/nprot.2012.004},
	language = {en},
	number = {4},
	urldate = {2015-08-28},
	journal = {Nature Protocols},
	author = {Doncheva, Nadezhda T. and Assenov, Yassen and Domingues, Francisco S. and Albrecht, Mario},
	month = apr,
	year = {2012},
	keywords = {Computational Biology, Protein analysis},
	pages = {670--685}
}

@article{ahrens200536,
  title={ParaView: An End-User Tool for Large-Data Visualization},
  author={Ahrens, James and Geveci, Berk and Law, Charles},
  journal={The Visualization Handbook},
  pages={717},
  year={2005},
  publisher={Citeseer}
}

@book{schroeder2004visualization,
  title={The visualization toolkit},
  author={Schroeder, Will J and Lorensen, Bill and Martin, Ken},
  year={2004},
  publisher={Kitware}
}

@InCollection{HPV:VisIt,
author = {Hank Childs and Eric Brugger and Brad Whitlock and Jeremy Meredith and Sean Ahern and David Pugmire and Kathleen Biagas and Mark Miller and Cyrus Harrison and Gunther H. Weber and Hari Krishnan and Thomas Fogal and Allen Sanderson and Christoph Garth and E. Wes Bethel and David Camp and Oliver R\"{u}bel and Marc Durant and Jean M. Favre and Paul Navr\'{a}til},
title = {{VisIt: An End-User Tool For Visualizing and Analyzing Very Large Data}},
year = "2012",
pages = "357-372",
month = "Oct",
booktitle = {{High Performance Visualization--Enabling Extreme-Scale Scientific Insight}},
}

@inproceedings{schulz2011visual,
  title={Visual analytics for stochastic simulation in cell biology},
  author={Schulz, Hans-J{\"o}rg and Uhrmacher, Adelinde M and Schumann, Heidrun},
  booktitle={Proceedings of the 11th International Conference on Knowledge Management and Knowledge Technologies},
  pages={48},
  year={2011},
  organization={ACM}
}


@inproceedings{kerren_toward_2012,
	address = {Berlin, Germany},
	series = {{WSC} '12},
	title = {Toward the {Role} of {Interaction} in {Visual} {Analytics}},
	url = {http://dl.acm.org/citation.cfm?id=2429759.2430303},
	urldate = {2015-08-28},
	booktitle = {Proceedings of the {Winter} {Simulation} {Conference}},
	publisher = {Winter Simulation Conference},
	author = {Kerren, Andreas and Schreiber, Falk},
	year = {2012},
	pages = {420:1--420:13}
}

@article{sowa1983conceptual,
  title={Conceptual structures: information processing in mind and machine},
  author={Sowa, John F},
  year={1983},
  publisher={Addison-Wesley Pub., Reading, MA}
}


@article{feigenbaum_semantic_2007,
	title = {The {Semantic} {Web} in {Action}},
	volume = {297},
	copyright = {© 2007 Nature Publishing Group},
	issn = {0036-8733},
	url = {http://www.nature.com/scientificamerican/journal/v297/n6/full/scientificamerican1207-90.html},
	doi = {10.1038/scientificamerican1207-90},
	language = {en},
	number = {6},
	urldate = {2015-08-31},
	journal = {Scientific American},
	author = {Feigenbaum, Lee and Herman, Ivan and Hongsermeier, Tonya and Neumann, Eric and Stephens, Susie},
	year = {2007},
	pages = {90--97}
}

@book{auer2007dbpedia,
  title={Dbpedia: A nucleus for a web of open data},
  author={Auer, S{\"o}ren and Bizer, Christian and Kobilarov, Georgi and Lehmann, Jens and Cyganiak, Richard and Ives, Zachary},
  year={2007},
  publisher={Springer}
}

@techreport{weibel1998dublin,
  title={Dublin core metadata for resource discovery},
  author={Weibel, Stuart and Kunze, John and Lagoze, Carl and Wolf, Misha},
  year={1998}
}

@book{lehmann1992semantic,
  title={Semantic networks in artificial intelligence},
  author={Lehmann, Fritz},
  year={1992},
  publisher={Elsevier Science Inc.}
}

@article{collins1969retrieval,
  title={Retrieval time from semantic memory},
  author={Collins, Allan M and Quillian, M Ross},
  journal={Journal of verbal learning and verbal behavior},
  volume={8},
  number={2},
  pages={240--247},
  year={1969},
  publisher={Elsevier}
}

@book{baader2003description,
  title={The description logic handbook: theory, implementation, and applications},
  author={Baader, Franz},
  year={2003},
  publisher={Cambridge university press}
}

@article{mcguinness2004owl,
  title={OWL web ontology language overview},
  author={McGuinness, Deborah L and Van Harmelen, Frank and others},
  journal={W3C recommendation},
  volume={10},
  number={10},
  pages={2004},
  year={2004}
}

@article{klyne2006resource,
  title={Resource description framework (RDF): Concepts and abstract syntax},
  author={Klyne, Graham and Carroll, Jeremy J},
  year={2006}
}

@article{brickley2004rdf,
  title={$\{$RDF vocabulary description language 1.0: RDF schema$\}$},
  author={Brickley, Dan and Guha, Ramanathan V},
  year={2004}
}

@article{prud2008sparql,
  title={SPARQL query language for RDF},
  author={Prud’Hommeaux, Eric and Seaborne, Andy and others},
  journal={W3C recommendation},
  volume={15},
  year={2008}
}

@article{adida2008rdfa,
  title={RDFa in XHTML: Syntax and processing},
  author={Adida, Ben and Birbeck, Mark and McCarron, Shane and Pemberton, Steven},
  journal={Recommendation, W3C},
  year={2008}
}

@article{beckett2004rdf,
  title={RDF/XML syntax specification (revised)},
  author={Beckett, Dave and McBride, Brian},
  journal={W3C recommendation},
  volume={10},
  year={2004}
}

@article{connolly2007gleaning,
  title={Gleaning resource descriptions from dialects of languages (GRDDL)},
  author={Connolly, Dan and others},
  journal={W3C, W3C Recommendation},
  volume={11},
  year={2007}
}

@article{berners2001semantic,
  title={The semantic web},
  author={Berners-Lee, Tim and Hendler, James and Lassila, Ora and others},
  journal={Scientific american},
  volume={284},
  number={5},
  pages={28--37},
  year={2001},
  publisher={New York, NY, USA:}
}

@article{berners2008n3logic,
  title={N3logic: A logical framework for the world wide web},
  author={Berners-Lee, Tim and Connolly, Dan and Kagal, Lalana and Scharf, Yosi and Hendler, Jim},
  journal={Theory and Practice of Logic Programming},
  volume={8},
  number={03},
  pages={249--269},
  year={2008},
  publisher={Cambridge Univ Press}
}

@article{prud2013turtle,
  title={Turtle--Terse RDF Triple Language},
  author={Prud’hommeaux, Eric and Carothers, Gavin and Beckett, Dave and Berners-Lee, Tim},
  journal={Candidate Recommendation, W3C},
  year={2013}
}

@book{lodish2000molecular,
  title={Molecular cell biology},
  author={Lodish, Harvey F and Berk, Arnold and Zipursky, S Lawrence and Matsudaira, Paul and Baltimore, David and Darnell, James and others},
  volume={4},
  year={2000},
  publisher={Citeseer}
}

@article{guimer1955small,
  title={Small angle scattering of X-rays},
  author={Guimer, ANDRE and Fournet, G{\'e}rard},
  journal={J. Wiley \& Sons, New York},
  year={1955}
}

@book{wuthrich1986nmr,
  title={NMR of proteins and nucleic acids},
  author={Wuthrich, Kurt},
  year={1986},
  publisher={Wiley}
}

@article{oostenbrink2004biomolecular,
  title={A biomolecular force field based on the free enthalpy of hydration and solvation: The GROMOS force-field parameter sets 53A5 and 53A6},
  author={Oostenbrink, Chris and Villa, Alessandra and Mark, Alan E and Van Gunsteren, Wilfred F},
  journal={Journal of computational chemistry},
  volume={25},
  number={13},
  pages={1656--1676},
  year={2004},
  publisher={Wiley Online Library}
}

@article{murzin1995scop,
  title={SCOP: a structural classification of proteins database for the investigation of sequences and structures},
  author={Murzin, Alexey G and Brenner, Steven E and Hubbard, Tim and Chothia, Cyrus},
  journal={Journal of molecular biology},
  volume={247},
  number={4},
  pages={536--540},
  year={1995},
  publisher={Elsevier}
}

@article{sillitoe2015cath,
  title={CATH: comprehensive structural and functional annotations for genome sequences},
  author={Sillitoe, Ian and Lewis, Tony E and Cuff, Alison and Das, Sayoni and Ashford, Paul and Dawson, Natalie L and Furnham, Nicholas and Laskowski, Roman A and Lee, David and Lees, Jonathan G and others},
  journal={Nucleic acids research},
  volume={43},
  number={D1},
  pages={D376--D381},
  year={2015},
  publisher={Oxford Univ Press}
}

@article{holm1998touring,
  title={Touring protein fold space with Dali/FSSP},
  author={Holm, Liisa and Sander, Chris},
  journal={Nucleic acids research},
  volume={26},
  number={1},
  pages={316--319},
  year={1998},
  publisher={Oxford Univ Press}
}

@article{holm1996mapping,
  title={Mapping the protein universe},
  author={Holm, Liisa and Sander, Chris},
  journal={Science},
  volume={273},
  number={5275},
  pages={595--602},
  year={1996},
  publisher={American Association for the Advancement of Science}
}


@article{madej2014mmdb,
  title={MMDB and VAST+: tracking structural similarities between macromolecular complexes},
  author={Madej, Thomas and Lanczycki, Christopher J and Zhang, Dachuan and Thiessen, Paul A and Geer, Renata C and Marchler-Bauer, Aron and Bryant, Stephen H},
  journal={Nucleic acids research},
  volume={42},
  number={D1},
  pages={D297--D303},
  year={2014},
  publisher={Oxford Univ Press}
}

@article{rohl2004protein,
  title={Protein structure prediction using Rosetta},
  author={Rohl, Carol A and Strauss, Charlie EM and Misura, Kira MS and Baker, David},
  journal={Methods in enzymology},
  volume={383},
  pages={66--93},
  year={2004},
  publisher={Elsevier}
}

@article{schrodinger1926undulatory,
  title={An undulatory theory of the mechanics of atoms and molecules},
  author={Schr{\"o}dinger, Erwin},
  journal={Physical Review},
  volume={28},
  number={6},
  pages={1049},
  year={1926},
  publisher={APS}
}

@article{metropolis1949monte,
  title={The monte carlo method},
  author={Metropolis, Nicholas and Ulam, Stanislaw},
  journal={Journal of the American statistical association},
  volume={44},
  number={247},
  pages={335--341},
  year={1949},
  publisher={Taylor \& Francis Group}
}

@article{ramachandran1968conformation,
  title={CONFORMATION OF POLYPEPTIDES AND PROTEINS’WL},
  author={Ramachandran, GN},
  journal={Advances in protein chemistry},
  volume={23},
  pages={283},
  year={1968},
  publisher={Academic Press}
}

@article{jorgensen1996development,
  title={Development and testing of the OPLS all-atom force field on conformational energetics and properties of organic liquids},
  author={Jorgensen, William L and Maxwell, David S and Tirado-Rives, Julian},
  journal={Journal of the American Chemical Society},
  volume={118},
  number={45},
  pages={11225--11236},
  year={1996},
  publisher={ACS Publications}
}

@article{shoichet1992molecular,
  title={Molecular docking using shape descriptors},
  author={Shoichet, Brian K and Kuntz, Irwin D and Bodian, Dale L},
  journal={Journal of Computational Chemistry},
  volume={13},
  number={3},
  pages={380--397},
  year={1992},
  publisher={Wiley Online Library}
}

@article{jones1996principles,
  title={Principles of protein-protein interactions},
  author={Jones, Susan and Thornton, Janet M},
  journal={Proceedings of the National Academy of Sciences},
  volume={93},
  number={1},
  pages={13--20},
  year={1996},
  publisher={National Acad Sciences}
}

@article{connolly1983analytical,
  title={Analytical molecular surface calculation},
  author={Connolly, Michael L},
  journal={Journal of Applied Crystallography},
  volume={16},
  number={5},
  pages={548--558},
  year={1983},
  publisher={International Union of Crystallography}
}

@article{phillips2005scalable,
  title={Scalable molecular dynamics with NAMD},
  author={Phillips, James C and Braun, Rosemary and Wang, Wei and Gumbart, James and Tajkhorshid, Emad and Villa, Elizabeth and Chipot, Christophe and Skeel, Robert D and Kale, Laxmikant and Schulten, Klaus},
  journal={Journal of computational chemistry},
  volume={26},
  number={16},
  pages={1781--1802},
  year={2005},
  publisher={Wiley Online Library}
}

@article{khatib2011crystal,
  title={Crystal structure of a monomeric retroviral protease solved by protein folding game players},
  author={Khatib, Firas and DiMaio, Frank and Cooper, Seth and Kazmierczyk, Maciej and Gilski, Miroslaw and Krzywda, Szymon and Zabranska, Helena and Pichova, Iva and Thompson, James and Popovi{\'c}, Zoran and others},
  journal={Nature structural \& molecular biology},
  volume={18},
  number={10},
  pages={1175--1177},
  year={2011},
  publisher={Nature Publishing Group}
}

@article{dreher2014exaviz,
  title={ExaViz: a flexible framework to analyse, steer and interact with molecular dynamics simulations},
  author={Dreher, Matthieu and Prevoteau-Jonquet, Jessica and Trellet, Mikael and Piuzzi, Marc and Baaden, Marc and Raffin, Bruno and F{\'e}rey, Nicolas and Robert, Sophie and Limet, S{\'e}bastien},
  journal={Faraday discussions},
  volume={169},
  pages={119--142},
  year={2014},
  publisher={Royal Society of Chemistry}
}


@article{molza2014innovative,
  title={Innovative interactive flexible docking method for multi-scale reconstruction elucidates dystrophin molecular assembly},
  author={Molza, A-E and F{\'e}rey, Nicolas and Czjzek, Mirjam and Le Rumeur, Elisabeth and Hubert, J-F and Tek, Alex and Laurent, B and Baaden, Marc and Delalande, Olivier},
  journal={Faraday discussions},
  volume={169},
  pages={45--62},
  year={2014},
  publisher={Royal Society of Chemistry}
}

@book{tek2012advances,
  title={Advances in human-protein interaction-interactive and immersive molecular simulations},
  author={Tek, Alex and Laurent, Benoist and Piuzzi, Marc and Lu, Zhihan and Chavent, Matthieu and Baaden, Marc and Delalande, Olivier and Martin, Christine and Piccinali, Lorenzo and Katz, Brian and others},
  year={2012},
  publisher={InTech}
}

@article{miyazawa1985estimation,
  title={Estimation of effective interresidue contact energies from protein crystal structures: quasi-chemical approximation},
  author={Miyazawa, Sanzo and Jernigan, Robert L},
  journal={Macromolecules},
  volume={18},
  number={3},
  pages={534--552},
  year={1985},
  publisher={ACS Publications}
}

@article{sippl1990calculation,
  title={Calculation of conformational ensembles from potentials of mena force: an approach to the knowledge-based prediction of local structures in globular proteins},
  author={Sippl, Manfred J},
  journal={Journal of molecular biology},
  volume={213},
  number={4},
  pages={859--883},
  year={1990},
  publisher={Elsevier}
}

@article{andrei2012intuitive,
  title={Intuitive representation of surface properties of biomolecules using BioBlender},
  author={Andrei, Raluca M and Callieri, Marco and Zini, Maria F and Loni, Tiziana and Maraziti, Giuseppe and Pan, Mike C and Zopp{\`e}, Monica},
  journal={BMC bioinformatics},
  volume={13},
  number={Suppl 4},
  pages={S16},
  year={2012},
  publisher={BioMed Central Ltd}
}

@misc{douglas1979godel,
  title={G{\"o}del, escher, bach: An eternal golden braid},
  author={Douglas, R Hofstader},
  year={1979},
  publisher={Basic Books, New York}
}

@incollection{sintek2002triple,
  title={TRIPLE—A query, inference, and transformation language for the semantic web},
  author={Sintek, Michael and Decker, Stefan},
  booktitle={The Semantic Web—ISWC 2002},
  pages={364--378},
  year={2002},
  publisher={Springer}
}

@incollection{tsarkov2006fact++,
  title={FaCT++ description logic reasoner: System description},
  author={Tsarkov, Dmitry and Horrocks, Ian},
  booktitle={Automated reasoning},
  pages={292--297},
  year={2006},
  publisher={Springer}
}

@article{noy2001creating,
  title={Creating semantic web contents with protege-2000},
  author={Noy, Natalya F and Sintek, Michael and Decker, Stefan and Crub{\'e}zy, Monica and Fergerson, Ray W and Musen, Mark A},
  journal={IEEE intelligent systems},
  number={2},
  pages={60--71},
  year={2001},
  publisher={IEEE}
}

@techreport{kolasinski1995simulator,
  title={Simulator Sickness in Virtual Environments.},
  author={Kolasinski, Eugenia M},
  year={1995},
  institution={DTIC Document}
}

@book{reason1975motion,
  title={Motion sickness.},
  author={Reason, James T and Brand, Joseph John},
  year={1975},
  publisher={Academic press}
}

@inproceedings{habibi20143d,
  title={3D Model Automatic Exploration: Smooth and Intelligent Virtual Camera Control},
  author={Habibi, Zaynab and Caron, Guillaume and Mouaddib, El Mustapha},
  booktitle={Computer Vision-ACCV 2014 Workshops},
  pages={612--626},
  year={2014},
  organization={Springer}
}

@inproceedings{vazquez2001viewpoint,
  title={Viewpoint Selection using Viewpoint Entropy.},
  author={V{\'a}zquez, Pere-Pau and Feixas, Miquel and Sbert, Mateu and Heidrich, Wolfgang},
  booktitle={VMV},
  volume={1},
  pages={273--280},
  year={2001}
}

@inproceedings{gumhold2002maximum,
  title={Maximum entropy light source placement},
  author={Gumhold, Stefan},
  booktitle={Visualization, 2002. VIS 2002. IEEE},
  pages={275--282},
  year={2002},
  organization={IEEE}
}

@article{born1927quantentheorie,
  title={Zur quantentheorie der molekeln},
  author={Born, Max and Oppenheimer, Robert},
  journal={Annalen der Physik},
  volume={389},
  number={20},
  pages={457--484},
  year={1927},
  publisher={Wiley Online Library}
}

@article{richardson1976similarity,
  title={Similarity of three-dimensional structure between the immunoglobulin domain and the copper, zinc superoxide dismutase subunit},
  author={Richardson, Jane S and Richardson, David C and Thomas, Kenneth A and Silverton, Enid W and Davies, David R},
  journal={Journal of molecular biology},
  volume={102},
  number={2},
  pages={221--235},
  year={1976},
  publisher={Elsevier}
}

@article{kendrew1958three,
  title={A three-dimensional model of the myoglobin molecule obtained by x-ray analysis},
  author={Kendrew, John C and Bodo, G and Dintzis, Howard M and Parrish, RG and Wyckoff, Harold and Phillips, David C},
  journal={Nature},
  volume={181},
  number={4610},
  pages={662--666},
  year={1958}
}

@article{gillet2005tangible,
  title={Tangible interfaces for structural molecular biology},
  author={Gillet, Alexandre and Sanner, Michel and Stoffler, Daniel and Olson, Arthur},
  journal={Structure},
  volume={13},
  number={3},
  pages={483--491},
  year={2005},
  publisher={Elsevier}
}

@article{tainer1982determination,
  title={Determination and analysis of the 2 {\AA} structure of copper, zinc superoxide dismutase},
  author={Tainer, John A and Getzoff, Elizabeth D and Beem, Karl M and Richardson, Jane S and Richardson, David C},
  journal={Journal of molecular biology},
  volume={160},
  number={2},
  pages={181--217},
  year={1982},
  publisher={Elsevier}
}

@article{collins1975protein,
  title={Protein crystal structures: quicker, cheaper approaches},
  author={Collins, DM and Cotton, FA and Hazen, EE and Meyer, EF and Morimoto, CN},
  journal={Science},
  volume={190},
  number={4219},
  pages={1047--1053},
  year={1975},
  publisher={American Association for the Advancement of Science}
}

@article{jones1978graphics,
  title={A graphics model building and refinement system for macromolecules},
  author={Jones, T ALWYN},
  journal={Journal of Applied Crystallography},
  volume={11},
  number={4},
  pages={268--272},
  year={1978},
  publisher={International Union of Crystallography}
}

@article{richardson1992kinemage,
  title={The kinemage: a tool for scientific communication},
  author={Richardson, David C and Richardson, Jane S},
  journal={Protein science},
  volume={1},
  number={1},
  pages={3--9},
  year={1992},
  publisher={Wiley Online Library}
}

@inproceedings{sayle1992rasmol,
  title={RasMol: A program for fast, realistic rendering of molecular structures with shadows},
  author={Sayle, Roger and Bissell, Andrew},
  booktitle={Proceedings of the 10th Eurographics UK},
  volume={92},
  pages={7--9},
  year={1992}
}


@article{martz2004history,
  title={History of Visualization of Biological Macromolecules},
  author={Martz, Eric and Francoeur, Eric},
  journal={University of Massachusetts Amherst. Sep},
  year={2004}
}

@book{johnson2011biologie,
  title={Biologie-Version luxe},
  author={Johnson, Georges B and Raven, Peter H and Mason, Kenneth A and Losos, Jonathan B and Singer, Susan R},
  year={2011},
  publisher={De Boeck Sup{\'e}rieur}
}


@article{ortega_shocam_2015,
	title = {{SHOCam}: {A} 3D {Orbiting} {Algorithm}},
	author = {Ortega, Michael and Stuerzlinger, Wolfgang and Scheurich, Doug},
	year = {2015}
}


@inproceedings{he_virtual_1996,
	title = {The virtual cinematographer: a paradigm for automatic real-time camera control and directing},
	booktitle = {Proceedings of the 23rd annual conference on {Computer} graphics and interactive techniques},
	publisher = {ACM},
	author = {He, Li-wei and Cohen, Michael F and Salesin, David H},
	year = {1996},
	pages = {217--224}
}
